1448 2236
707 95 908 135 CICERO

213 213 318 250 quae
337 205 454 238 erant
470 202 730 252 gravissimae
748 207 792 240 et
802 203 1025 248 maximae,
1041 200 1247 241 fortissimi
1264 203 1400 247 animi,

211 272 440 322 summique
460 270 612 317 consili,
630 277 720 310 tum
741 274 865 311 etiam
884 275 1087 324 gravitate
1106 274 1400 311 sententiarum

172 345 193 376 2
212 346 337 391 atque
359 341 585 380 verborum.
640 340 735 387 Sed,
755 344 810 380 mi
833 341 993 389 Plance,
1014 343 1217 388 incumbe,
1238 348 1286 381 ut
1305 341 1400 381 belli

213 416 398 449 extrema
421 411 618 462 perficias.
674 412 721 450 In
748 412 823 451 hoc
848 415 926 451 crit
949 425 1108 451 summa
1132 418 1177 452 et
1200 415 1333 464 gratia
1357 417 1400 451 et

210 480 350 532 gloria.
404 481 532 533 Cupio
564 484 698 520 omnia
728 482 974 534 reipublicae
1003 494 1152 529 causa3
1199 482 1285 528 sed,
1315 495 1400 520 me-

211 550 408 598 hercules,
441 554 484 590 in
518 565 567 592 ea
599 553 873 592 conservanda
907 556 989 592 iam
1021 552 1286 604 defatigatus,
1317 566 1399 591 non

210 621 339 660 multo
363 622 454 673 plus
476 625 635 674 patriae
659 622 778 662 faveo
801 637 925 675 quam
947 629 1046 662 tuae
1069 623 1249 675 gloriae3
1286 624 1398 661 cuius

209 694 430 730 maximam
459 691 698 732 facultatem
726 694 802 733 tibi
830 694 872 732 di
900 693 1162 739 immortales,
1191 698 1239 732 ut
1266 705 1397 744 spero,

209 762 389 808 dedere;
443 775 566 814 quam
606 763 891 815 complectere,
931 764 1109 803 obsecro.
1167 762 1248 811 Qui
1289 765 1397 802 enim

208 832 433 871 Antonium
466 836 724 884 oppresserit,
756 836 790 872 is
822 834 898 873 hoc
929 834 1082 873 bellum
1114 834 1396 873 taeterrimum

208 902 671 956 periculosissimumque
688 903 922 943 confecerit.

646 1297 786 1323 CICERO
812 1297 960 1324 PLANCO

621 1391 767 1430 Romae,
785 1402 891 1425 A.u.c.
909 1394 987 1425 Ἰ111.

170 1487 186 1521 l
259 1483 326 1522 Ita
347 1490 464 1522 erant
485 1487 633 1530 omnia,
655 1498 760 1535 quae
780 1487 898 1523 istinc
920 1484 1205 1530 afferebantur,
1226 1487 1394 1528 incerta,
1425 1515 1426 1518 ,

206 1558 267 1598 ut,
300 1553 398 1604 quid
431 1554 484 1592 ad
516 1560 561 1592 te
593 1555 824 1601 scriberem,
857 1569 938 1594 non
971 1560 1213 1593 occurreret.
1268 1553 1393 1592 Modo

207 1626 328 1669 enim,
353 1637 458 1675 quae
482 1624 690 1670 vellemus,
713 1625 767 1663 de
791 1624 961 1676 Lepido,
984 1625 1105 1664 modo
1128 1629 1270 1663 contra
1291 1637 1392 1662 nun-

205 1694 427 1732 tiabantur.
481 1694 547 1732 De
570 1699 614 1733 te
638 1700 779 1733 tamen
802 1694 913 1733 fama
935 1701 1137 1740 constans,
1161 1707 1237 1732 nec
1259 1693 1392 1744 decipi

205 1777 323 1814 posse
355 1777 431 1803 nec
462 1766 594 1810 vinci3
639 1778 809 1816 quorum
842 1764 1006 1803 alterius
1039 1764 1204 1803 fortuna
1233 1769 1394 1815 partem
1447 1817 1448 1820 Ἴ

205 1833 331 1873 habet
361 1836 593 1886 quamdam,
624 1835 796 1874 alterum
824 1838 1032 1886 proprium
1061 1841 1125 1874 est
1151 1834 1394 1886 prudentiae
1446 1831 1448 1866 ἒ

165 1908 187 1940 2
204 1909 315 1943 tuae.
370 1904 451 1943 Sed
470 1908 607 1956 accepi
624 1906 782 1944 litteras
801 1918 826 1943 a
842 1906 998 1957 collega
1015 1911 1101 1950 tuo,
1117 1905 1233 1943 datas
1254 1904 1392 1942 Idibus
1446 1911 1448 1959 ἐ

207 1973 342 2020 Maiis,
354 1977 395 2012 in
413 1976 557 2026 quibus
575 1981 677 2021 erat,
689 1982 734 2015 te
750 1976 801 2014 ad
816 1989 861 2014 se
876 1979 1093 2027 scripsisse,
1107 1988 1131 2013 a
1143 1974 1299 2026 Lepido
1311 1987 1392 2012 non
1445 1963 1448 2003 ἕ

210 2040 287 2075 354
