1448 2236
690 70 891 110 CICERO

193 175 424 227 dirigerem,
451 177 494 214 in
520 178 668 215 itinere
694 176 748 215 de
774 177 928 227 praelio
953 176 1078 223 facto,
1105 177 1315 229 Brutoque
1343 183 1386 217 et

194 249 358 287 Mutina
409 250 617 288 obsidione
667 250 849 289 liberatis
901 251 1048 290 audivi.
1101 250 1385 290 Animadverti
1446 284 1448 286 .

191 322 346 360 nullum
364 323 487 361 alium
503 329 715 374 receptum
733 324 958 363 Antonium
973 324 1260 376 reliquiasque,
1278 337 1385 376 quae
1444 319 1448 355 -Ῑ

191 409 283 434 cum
303 409 351 435 eo
371 402 521 442 essent,
540 396 706 443 habere,
724 399 799 435 nisi
817 400 859 436 in
877 398 938 436 his
955 399 1138 449 partibus
1157 411 1167 444 3
1200 398 1383 449 duasque
1443 409 1448 447 ξ

194 471 231 507 ei
252 482 344 520 spes
368 483 456 508 esse
477 473 717 521 propositas,
738 484 863 509 unam
885 471 1031 522 Lepidi
1051 473 1190 522 ipsius,
1213 471 1384 510 alteram
1438 472 1448 504 li

192 546 407 581 exercitus.
461 542 581 590 Quod
604 545 805 595 quaedam
823 557 915 595 pars
935 547 1136 583 exercitus
1154 558 1236 583 non
1252 546 1384 582 minus
1432 533 1448 598 ,Ξ

191 614 341 654 furiosa
372 622 448 662 est,
478 630 601 667 quam
631 620 699 668 qui
728 631 821 656 cum
851 618 1030 657 Antonio
1059 617 1240 663 fuerunt,
1272 619 1384 669 equi-
1435 605 1448 677 j

191 694 326 728 tatum
358 693 570 736 revocavi3
616 693 703 741 ipse
735 694 778 730 in
809 691 1093 743 Allobrogibus
1124 693 1304 736 constiti,
1337 695 1384 728 ut

191 763 360 813 proinde
381 763 434 802 ad
458 766 593 802 omnia
616 770 782 815 paratus
803 778 934 803 essem
953 778 1000 803 ac
1016 778 1082 803 res
1099 777 1167 802 me
1184 769 1383 802 moneret.
1434 782 1435 786 =

192 835 233 873 Si
253 837 384 874 nudus
410 836 488 875 huc
507 850 551 875 se
571 837 775 876 Antonius
794 837 966 884 confert,
985 836 1104 876 facile
1123 837 1223 875 mihi
1247 837 1385 875 videor
1437 878 1448 894 Ἰ

190 922 266 960 per
286 923 354 948 me
377 913 576 949 sustinere
598 924 730 961 posse,
753 924 922 963 remque
944 911 1150 962 publicam
1174 924 1225 949 ex
1247 916 1384 949 vestra
1434 927 1436 930 >

193 986 400 1021 sententia
424 984 720 1030 administrare,
746 987 928 1035 quamvis
953 985 1006 1023 ab
1031 986 1214 1023 exercitu
1239 983 1384 1035 Lepidi
1428 980 1431 985 ¹

191 1059 410 1107 recipiatur
428 1069 438 1102 ;
472 1060 504 1095 si
524 1071 619 1096 vero
639 1061 844 1108 copiarum
865 1058 1017 1109 aliquid
1035 1071 1174 1096 secum
1193 1057 1383 1103 adducet,

193 1135 237 1168 et
275 1133 308 1168 si
346 1130 505 1168 decima
542 1130 650 1182 legio
688 1137 898 1178 veterana,
936 1144 1043 1182 quae
1080 1136 1220 1170 nostra
1259 1143 1384 1181 opera
1427 1137 1430 1139 ’

190 1209 381 1242 revocata
405 1217 498 1242 cum
523 1204 690 1255 reliquis
715 1211 791 1250 est,
811 1205 864 1243 ad
887 1205 1077 1243 eumdem
1095 1202 1274 1242 furorem
1291 1201 1384 1241 red-
1430 1194 1433 1195 ⁷

191 1279 299 1322 ierit,
318 1282 472 1322 tamen,
491 1290 544 1315 ne
559 1277 658 1328 quid
675 1278 912 1316 detrimenti
932 1278 1018 1323 fiat,
1033 1278 1198 1316 dabitur
1216 1290 1340 1328 opera
1359 1290 1384 1314 a
1426 1326 1431 1328 ῃ

192 1363 273 1396 me,
288 1351 412 1401 idque
430 1364 498 1389 me
516 1356 819 1401 praestaturum
837 1364 969 1402 spero,
988 1351 1087 1389 dum
1105 1353 1225 1389 istinc
1242 1352 1383 1400 copiae
1428 1406 1431 1407 γ

193 1426 443 1469 traiciantur,
480 1427 801 1475 coniunctaeque
842 1425 1051 1463 nobiscum
1091 1423 1246 1462 facilius
1292 1435 1384 1474 per·
1424 1436 1430 1439 ¹

154 1501 176 1535 3
194 1497 299 1535 ditos
313 1499 556 1548 opprimant.
600 1497 688 1535 Hoc
705 1498 780 1536 tibi
796 1498 990 1549 spondeo,
1005 1499 1062 1535 mi
1079 1496 1233 1543 Cicero,
1249 1509 1383 1547 neque

194 1571 373 1608 animum
411 1583 487 1608 nee
525 1570 780 1621 diligentiam
819 1570 917 1608 mihi
955 1569 1202 1609 defuturam.
1255 1569 1384 1620 Cupio

192 1642 444 1681 mehercules
483 1643 635 1681 nullam
674 1644 878 1681 residuam
916 1643 1226 1682 sollicitudinem
1267 1653 1383 1687 esse3
1423 1647 1427 1670 ἱ

193 1716 267 1754 sed
294 1718 327 1754 si
351 1715 489 1762 fuerit,
513 1729 588 1754 nec
613 1718 746 1754 animo
770 1729 847 1755 nec
873 1715 1183 1754 benevolentiae
1210 1728 1286 1754 nec
1312 1727 1384 1766 pa·
1422 1737 1427 1756 2

193 1791 364 1827 tientiae
395 1792 631 1840 cuiusquam
661 1802 734 1840 pro
765 1790 878 1828 vobis
909 1789 1065 1827 cedam.
1119 1788 1186 1827 Do
1217 1788 1381 1839 quidem
1419 1824 1424 1831 2

194 1875 270 1913 ego
290 1875 470 1913 operam,
490 1868 537 1901 ut
558 1865 683 1901 etiam
703 1861 904 1913 Lepidum
925 1863 977 1900 ad
996 1861 1117 1900 huius
1135 1864 1196 1899 rei
1214 1863 1384 1899 societa-
1420 1845 1443 1907 ἓξ

1437 1938 1443 1951 δ’

191 1940 279 1974 tem
297 1938 477 1981 incitem,
493 1938 709 1987 omniaque
727 1937 766 1974 ei
782 1935 976 1986 obsequia
991 1935 1196 1986 polliceor,
1212 1936 1246 1973 si
1261 1933 1383 1972 modo
1415 1946 1441 1987 334

201 2008 277 2043 328

1411 2074 1438 2236 i

1435 2071 1441 2083 4
