1448 2236
692 72 893 112 CICERO

198 174 377 221 Interea,
408 188 514 226 quae
545 175 598 215 ad
627 176 874 228 dignitatem
902 183 1017 216 tuam
1046 182 1253 228 pertinere
1284 179 1388 217 arbi-

198 244 349 291 trabor,
367 245 547 284 studiose
565 246 866 298 diligenterque
882 247 1044 286 curabo.

753 462 812 501 IV

601 581 772 608 PLANCUS
800 582 984 608 CICERONI

507 664 550 697 In
568 665 685 699 Gallia
701 664 863 704 Comata,
880 650 986 699 ΛΜΞ.
1005 667 1082 699 710.

160 764 178 797 1
250 757 514 797 Gratissimae
546 758 644 796 mihi
676 764 774 797 tuae
806 758 970 797 litterae
1001 757 1180 804 fuerunt,
1207 771 1307 810 quas
1335 771 1387 796 ex

197 827 319 865 Furni
348 841 535 866 sermone
563 834 608 867 te
637 831 840 879 scripsisse
870 829 1149 867 animadverti.
1201 828 1290 879 Ego
1319 841 1388 866 au-

197 903 284 936 tem
301 901 515 948 praeteriti
532 901 726 949 temporis
745 901 1047 937 excusationem
1066 897 1202 944 affero,
1220 898 1328 949 quod
1342 903 1386 936 te
1443 892 1446 894 ⁵

198 967 427 1019 profectum
454 969 689 1014 audieram3
729 982 804 1007 nec
828 969 957 1007 multo
983 974 1080 1007 ante
1103 969 1255 1007 redisse
1279 970 1387 1012 scivi,

198 1051 321 1089 quam
348 1052 399 1077 ex
425 1039 600 1090 epistula
623 1044 698 1078 tua
721 1042 902 1090 cognovi.
957 1038 1121 1077 Nullum
1147 1040 1254 1076 enim
1277 1040 1320 1076 in
1343 1043 1387 1076 te

197 1109 386 1155 officium,
417 1123 469 1147 ne
499 1111 711 1147 minimum
741 1109 920 1160 quidem,
951 1111 1037 1147 sine
1065 1111 1244 1146 maxima
1271 1108 1388 1158 culpa

200 1179 339 1218 videor
355 1192 473 1230 posse
490 1182 713 1230 praeterire
731 1191 742 1224 ;
773 1182 815 1217 in
833 1192 912 1230 quo
929 1178 1084 1218 tuendo
1101 1178 1232 1217 habeo
1249 1191 1387 1216 causas

199 1249 391 1300 plurimas
407 1249 471 1287 vel
487 1256 685 1300 paternae
701 1249 1022 1294 necessitudinis,
1038 1249 1104 1287 vel
1118 1262 1236 1287 meae
1251 1261 1276 1286 a
1289 1260 1388 1299 pue-

198 1321 292 1357 ritia
325 1320 607 1358 observantiae
641 1319 706 1357 vel
739 1322 800 1357 tui
835 1332 932 1370 erga
964 1332 1031 1357 me
1063 1321 1195 1357 mutui
1230 1320 1386 1356 amoris.

158 1394 180 1426 2
199 1388 352 1437 Quare,
381 1392 438 1427 mi
465 1389 618 1435 Cicero,
645 1390 754 1440 quod
779 1403 872 1428 mea
896 1394 1051 1440 tuaque
1081 1391 1236 1440 patitur
1261 1393 1388 1433 aetas,

202 1460 404 1511 persuade
437 1460 513 1498 tibi
546 1465 591 1499 te
624 1473 751 1498 unum
785 1473 887 1505 esse,
921 1462 963 1497 in
997 1472 1077 1510 quo
1112 1471 1188 1510 ego
1220 1457 1388 1497 colendo

199 1532 375 1580 patriam
390 1529 488 1567 mihi
503 1532 782 1568 constituerim
798 1532 1071 1568 sanctitatem.
1103 1528 1251 1567 Omnia
1265 1531 1389 1579 igitur

198 1605 271 1638 tua
294 1599 458 1638 consilia
481 1599 579 1637 mihi
602 1614 682 1638 non
706 1602 834 1651 magis
857 1599 1100 1650 prudentiae
1122 1597 1257 1649 plena,
1282 1611 1387 1648 quae

199 1683 357 1708 summa
379 1675 456 1716 est,
477 1670 680 1715 videntur,
703 1682 826 1720 quam
849 1669 1070 1714 fidelitatis,
1092 1681 1215 1719 quam
1237 1681 1313 1719 ego
1337 1681 1387 1705 ex

200 1753 292 1778 mea
323 1742 569 1792 conscientia
599 1742 758 1778 metior.
813 1739 950 1787 Quare
981 1741 1014 1776 si
1047 1744 1118 1776 aut
1151 1738 1268 1776 aliter
1298 1750 1387 1775 sen-

198 1812 334 1856 tirem,
368 1815 480 1849 certe
516 1811 736 1848 admonitio
771 1815 845 1848 tua
877 1822 945 1847 me
979 1811 1213 1859 reprimere,
1249 1813 1320 1846 aut
1354 1809 1386 1845 si

521 1959 538 1975 ⁶
561 1954 628 1989 See
645 1957 726 1988 note
742 1965 788 1988 on
804 1956 851 1988 ix·
871 1957 923 1988 15.
940 1956 974 1987 2.

204 2011 283 2044 300
