1448 2236
699 74 900 114 CICERO

202 190 270 215 me
303 179 405 215 scire
438 177 611 216 voluisti.
671 177 840 230 Signum
876 180 983 216 enim
1016 192 1211 231 magnum
1246 181 1391 219 amoris

163 250 184 282 2
202 245 364 284 dedisti.
413 246 519 283 Nam
542 246 651 297 quod
674 246 783 284 idem
805 245 1004 299 Segulius,
1026 252 1240 286 veteranos
1263 250 1391 299 queri,

203 313 312 364 quod
332 318 379 351 tu
403 319 446 351 et
466 313 615 352 Caesar
636 316 677 351 in
699 314 934 353 decemviris
956 328 1037 353 non
1059 316 1214 361 essetis,
1235 317 1391 354 utinam

202 394 255 419 ne
279 394 355 433 ego
378 381 544 432 quidem
567 395 697 420 essem
715 382 723 420 Ξ
761 382 872 430 Quid
893 384 1000 421 enim
1022 382 1263 422 molestius?
1310 381 1392 422 Sed

202 454 356 495 tamen,
393 463 485 487 cum
523 463 599 502 ego
636 452 863 496 sensissem,
899 450 952 488 de
988 453 1049 496 iis,
1085 453 1155 501 qui
1192 453 1392 490 exercitus

203 516 417 562 haberent,
445 520 692 556 sententiam
719 517 816 556 ferri
845 523 1046 568 oportere,
1074 518 1198 556 iidem
1225 517 1294 564 illi,
1323 521 1391 570 qui

203 584 348 631 solent,
368 585 653 624 reclamarunt.
700 586 847 637 Itaque
868 588 1030 637 excepti
1051 588 1176 624 etiam
1196 589 1306 632 estis,
1325 599 1393 624 me

202 653 467 691 vehementer
490 659 760 706 repugnante.
812 653 1008 702 Quocirca
1029 653 1237 706 Segulium
1255 653 1392 706 negle-

202 734 359 773 gamus,
397 723 466 772 qui
502 734 566 759 res
603 734 726 759 novas
764 724 937 772 quaerit,
974 735 1056 759 non
1093 734 1173 772 quo
1209 727 1391 760 veterem

202 788 438 834 comederit,
471 788 623 826 nullam
659 791 767 826 enim
800 788 971 834 habuit;
1019 789 1093 827 sed
1126 788 1230 827 hanc
1262 792 1391 840 ipsam

163 862 184 894 3
202 862 410 894 recentem
432 869 578 894 novam
600 856 821 895 devoravit.
870 855 991 904 Quod
1012 862 1152 894 autem
1174 857 1311 895 scribis
1333 862 1391 902 te,

203 924 312 975 quod
323 937 397 974 pro
410 929 454 962 te
466 926 553 974 ipso
565 937 648 962 non
659 923 797 969 facias,
809 924 852 962 id
862 937 936 974 pro
948 936 1030 969 me,
1043 929 1090 962 ut
1101 924 1155 962 de
1167 937 1234 962 me
1246 927 1391 962 timeas

203 991 367 1043 aliquid,
387 994 495 1030 omni
513 997 570 1038 te,
588 994 655 1046 vir⁴
665 994 819 1042 optime
836 991 1015 1042 mihique
1033 994 1235 1030 carissime
1251 991 1390 1037 Brute,

203 1059 256 1097 de
295 1073 361 1097 me
401 1065 515 1098 metu
554 1059 693 1098 libero.
759 1060 848 1111 Ego
889 1062 1010 1105 enim,
1049 1072 1154 1111 quae
1193 1059 1391 1110 provideri

203 1133 411 1178 poterunt,
446 1141 527 1166 non
561 1127 676 1165 fallar
710 1130 752 1165 in
785 1130 859 1172 iis;
909 1140 1015 1178 quae
1048 1130 1278 1165 cautionem
1310 1141 1391 1165 non

204 1195 428 1241 habebunt,
459 1195 511 1233 de
541 1198 588 1233 iis
618 1208 699 1233 non
728 1197 788 1233 ita
816 1194 934 1233 valde
964 1195 1115 1233 laboro.
1170 1194 1254 1233 Sim
1285 1198 1392 1233 enim

204 1263 431 1314 impudens,
459 1266 491 1300 si
519 1263 607 1313 plus
635 1262 851 1313 postulem,
879 1276 1002 1313 quam
1029 1263 1180 1300 homini
1207 1276 1232 1300 a
1257 1276 1392 1301 rerum

165 1337 187 1368 4
204 1337 351 1369 natura
362 1332 485 1369 tribui
498 1335 648 1381 potest.
688 1331 808 1378 Quod
820 1330 918 1367 mihi
930 1333 1140 1381 praecipis,
1154 1336 1201 1368 ut
1212 1344 1391 1376 caveam,

204 1412 257 1436 ne
293 1399 475 1437 timendo
512 1401 640 1450 magis
677 1401 823 1436 timere
859 1411 993 1449 cogar,
1030 1403 1074 1436 et
1109 1401 1314 1449 sapienter
1349 1403 1392 1436 et

205 1469 443 1504 amicissime
479 1469 689 1517 praecipis.
752 1466 834 1504 Sed
869 1466 988 1504 velim
1025 1466 1100 1504 tibi
1134 1466 1392 1517 persuadeas,

205 1548 297 1573 cum
313 1540 357 1572 te
374 1540 534 1573 constet
551 1534 750 1572 excellere
767 1534 842 1572 hoc
858 1546 1010 1586 genere
1026 1536 1198 1579 virtutis,
1216 1539 1264 1572 ut
1278 1547 1392 1571 num-

205 1616 328 1654 quam
365 1605 618 1648 extimescas,
654 1615 876 1652 numquam
912 1602 1164 1652 perturbere,
1199 1614 1267 1639 me
1302 1601 1393 1639 huic

206 1676 303 1709 tuae
329 1673 468 1708 virtuti
493 1672 676 1721 proxime
701 1670 908 1707 accedere.
961 1669 1235 1717 Quamobrem
1260 1681 1393 1720 neque

257 1769 272 1785 ⁶
295 1764 363 1799 See
378 1765 438 1797 the
453 1764 644 1807 preceding
659 1764 770 1802 letter,
787 1766 820 1801 ἐξ
840 1766 853 1796 1
872 1763 944 1796 and
960 1766 993 1796 3.

259 1808 272 1828 ⁶
296 1808 418 1841 Cicero
437 1808 551 1850 plays,
574 1807 768 1840 somewhat
790 1806 941 1848 heavfly,
964 1817 1010 1838 on
1037 1806 1097 1839 the
1115 1805 1237 1839 double
1261 1809 1393 1839 emente

210 1853 246 1884 in
261 1862 316 1885 res
331 1862 439 1884 novae
453 1850 679 1893 (revolution)
693 1849 765 1882 and
780 1860 835 1882 res
850 1849 1000 1891 (private
1014 1859 1079 1891 pro
1105 1849 1208 1891 erty).
1254 1848 1329 1881 The
1339 1859 1393 1882 res

211 1905 324 1927 recens
341 1896 369 1927 is
378 1894 438 1927 the
453 1904 606 1935 savoury
616 1894 668 1926 bit
683 1894 724 1926 of
735 1894 855 1935 gossip
871 1892 982 1925 about
993 1892 1053 1925 the
1094 1893 1340 1925 issatisfaction
1356 1893 1398 1925 of

211 1937 270 1970 the
285 1941 458 1976 veterans,
473 1936 545 1970 and
561 1948 652 1970 nova
668 1938 696 1969 is
711 1937 912 1979 suggestive
927 1936 968 1968 of
980 1935 1185 1969 revolution.

209 1993 285 2027 484
