1448 2236
673 62 874 103 CICERO

177 165 334 218 (omnes
356 169 464 205 enim
483 169 591 206 cives
609 168 756 206 studeo
775 168 897 219 plane
918 182 1007 208 esse
1026 168 1187 221 salvos),
1206 169 1370 215 deinde,

177 231 246 280 qui
276 234 320 267 et
346 242 414 267 me
444 234 488 268 et
515 230 807 280 rempublicam
835 230 1038 270 vindicare
1066 233 1108 269 in
1136 231 1370 270 libertatem

138 295 159 327 6
175 295 342 341 paratus
358 293 447 329 sim.
479 290 600 339 Quod
614 290 855 330 familiarem
870 305 1008 331 meum
1023 298 1186 332 tuorum
1201 305 1370 331 numero

178 351 317 398 habes,
348 355 537 404 opinione
567 358 641 392 tua
670 353 769 391 mihi
799 357 954 405 gratius
986 360 1062 393 est.
1117 354 1284 393 Invideo
1314 353 1371 391 illi

177 417 332 460 tamen,
362 414 472 466 quod
501 415 684 454 ambulat
715 421 758 454 et
786 418 942 454 iocatur
970 421 1121 454 tecum.
1175 415 1370 463 QuaereS,

179 479 322 527 quanti
358 477 606 516 aestimem?
659 476 701 515 Si
737 491 931 529 umquam
966 477 1125 516 licuerit
1159 479 1295 515 vivere
1328 478 1372 515 in

178 540 276 584 otio,
300 540 520 589 experieris
538 551 548 584 ;
585 538 740 576 nullum
763 542 871 578 enim
893 542 1112 591 vestigium
1134 539 1206 577 abs
1227 544 1272 577 te
1293 538 1372 577 dis-

178 612 362 638 cessurus
380 613 483 638 sum.
538 600 644 639 Illud
661 601 929 640 vehementer
946 601 1133 646 admiror,
1152 614 1233 639 non
1250 602 1372 650 scrip-

178 664 276 700 sisse
309 667 354 700 te
387 662 501 708 mihi,
534 663 738 702 manendo
775 665 818 701 in
854 665 1059 714 provincia
1096 676 1148 700 an
1185 661 1371 701 ducendo

180 725 404 762 exercitum
435 726 477 762 in
509 724 671 763 Italiam
701 725 947 776 reipublicae
977 726 1106 776 magis
1137 722 1371 763 satisfacere

178 788 341 836 possim.
394 785 483 837 Ego
521 786 701 837 quidem,
739 789 815 825 etsi
853 787 951 825 mihi
987 789 1118 825 tutius
1157 799 1203 824 ac
1238 787 1370 823 minus

178 846 423 886 laboriosum
467 853 530 886 est
571 861 752 894 manere,
793 854 948 894 tamen,
989 850 1086 900 quia
1125 847 1258 893 video,
1297 846 1371 885 tali

179 914 366 960 tempore
398 909 528 948 multo
560 913 689 961 magis
721 910 947 961 legionibus
980 923 1080 960 opus
1114 923 1216 955 esse,
1248 921 1371 959 quam

178 973 405 1021 provinciis,
432 984 538 1022 quae
563 975 804 1022 praesertim
829 974 1059 1023 recuperari
1078 971 1187 1010 nullo
1206 973 1371 1022 negotio

179 1038 364 1084 possunt,
393 1036 599 1079 constitui,
629 1039 676 1072 ut
705 1047 811 1072 nunc
842 1040 919 1080 est,
947 1047 1041 1072 cum
1071 1034 1253 1072 exercitu
1281 1045 1372 1083 pro-

181 1094 315 1133 ficisci.
369 1094 531 1134 Deinde
566 1108 618 1133 ex
651 1095 812 1141 litteris,
847 1108 946 1146 quas
982 1095 1137 1133 Pansae
1170 1096 1274 1140 misi,
1306 1107 1372 1132 co-

180 1169 350 1208 gnosces
388 1159 550 1202 omnia3
602 1170 696 1195 nam
733 1158 809 1195 tibi
847 1170 986 1195 earum
1024 1156 1231 1207 exemplar
1266 1157 1370 1194 misi.

181 1230 279 1257 xvn.
303 1218 395 1257 Kal.
417 1219 545 1269 April.
568 1218 769 1258 Corduba.
822 1219 936 1258 Vale.

695 1421 856 1461 XXXII

481 1541 516 1568 C.
543 1541 697 1567 ASINIUS
725 1541 861 1566 POLLIO
889 1540 1073 1567 CICERONI

569 1635 768 1674 Cordubae,
786 1646 892 1668 Anu-c.
911 1637 989 1668 711.

145 1728 164 1762 1
232 1720 381 1760 Balbus
400 1726 604 1772 quaestor,
622 1734 771 1771 magna
789 1725 1003 1758 numerata
1019 1719 1205 1770 pecunia,
1222 1730 1371 1769 magno
1439 1758 1448 1770 ,Ι

182 1783 363 1834 pondere
403 1785 503 1828 auri,
542 1784 694 1820 maiore
733 1784 893 1832 argenti
932 1786 1072 1819 coacto
1111 1781 1164 1818 de
1201 1780 1369 1831 publicis

183 1845 475 1890 exactionibus,
499 1858 552 1882 ne
576 1843 779 1895 stipendio
804 1843 970 1894 quidem
993 1842 1187 1880 militibus
1210 1842 1369 1880 reddito
1440 1847 1441 1850 ’

208 1960 226 1978 ⁰
247 1956 323 1990 The
338 1959 421 1999 poet
433 1955 615 1990 Cornelius
628 1955 762 1995 Gallus,
775 1955 835 1988 the
846 1954 960 1988 friend
976 1954 1016 1988 of
1028 1954 1142 1997 Virgil
1156 1953 1227 1988 and
1243 1953 1349 1987 Ovid.

187 2012 267 2046 404
