1448 2236
701 67 903 105 CICERO

207 168 413 214 exhibere,
438 175 482 208 et
506 184 529 207 a
553 184 619 208 me
643 170 800 209 litteras
824 172 1056 217 crebriores,
1080 186 1206 223 quum
1228 177 1275 210 tu
1298 171 1394 209 mihi

169 241 189 273 2
208 251 298 275 raro
326 241 479 284 mittas,
508 238 707 291 flagitare.
762 241 867 279 Nam
894 255 986 279 cum
1015 247 1138 280 antea
1174 241 1395 280 distinebar

206 311 391 346 maximis
431 312 772 360 occupationibus,
811 317 1028 362 propterea
1066 312 1174 362 quod
1211 311 1394 350 omnibus

207 380 309 415 curis
331 379 620 429 rempublicam
643 381 741 418 mihi
762 382 958 419 tuendam
979 382 1189 432 putabam,
1211 386 1299 419 tum
1320 380 1395 418 hoc

207 453 391 498 tempore
434 449 562 487 multo
605 450 798 488 distineor
839 450 1133 489 vehementius.
1187 450 1247 489 Ut
1288 452 1395 488 enim

207 521 366 568 gravius
395 525 611 570 aegrotant
638 523 679 566 ii,
708 523 790 571 qui,
819 534 944 572 quum
970 521 1094 559 levati
1121 521 1260 559 morbo
1288 520 1395 558 vide-

207 594 360 634 rentur,
395 591 438 626 in
479 603 573 627 eum
616 591 667 628 de
709 593 869 642 integro
911 591 1152 637 inciderunt,
1187 593 1242 628 sic
1276 590 1395 628 vehe-

207 661 382 697 mentius
401 673 472 697 nos
489 659 731 706 laboramus,
749 651 832 711 qui,
849 661 1062 712 profligato
1079 661 1184 699 bello
1202 674 1248 698 ac
1264 673 1394 711 paene

207 728 380 774 sublato,
417 736 655 768 renovatum
693 730 844 768 bellum
880 744 1022 782 gerere
1060 744 1262 782 cogamur.
1315 729 1395 768 Sed

167 803 188 836 3
207 798 307 836 haec
340 799 549 839 hactenus.
601 800 662 838 Tu
695 802 783 846 tibi,
815 804 870 838 mi
904 801 1100 846 Cornifici,
1132 800 1196 838 fac
1228 806 1275 838 ut
1305 813 1394 850 per-

207 869 391 914 suadeas,
411 883 492 907 non
511 883 598 908 esse
618 883 684 908 me
703 876 790 908 tam
808 870 1007 908 imbecillo
1027 873 1174 916 animo,
1193 883 1244 908 ne
1263 870 1392 908 dicam

206 938 439 984 inhumano,
457 945 503 977 ut
520 953 544 977 a
560 945 603 977 te
620 942 722 977 vinci
738 943 887 990 possim
905 946 976 978 aut
991 940 1140 985 officiis,
1157 945 1228 978 aut
1244 953 1392 978 amore.

207 1008 297 1046 Non
322 1009 560 1046 dubitabam
586 1010 774 1060 equidem
794 1023 803 1047 ε
842 1015 1122 1048 verumtamen
1145 1009 1273 1047 multo
1296 1009 1392 1046 mihi

207 1081 404 1116 notiorem
457 1092 635 1116 amorem
687 1085 804 1117 tuum
857 1078 991 1117 effecit
1042 1079 1303 1129 Chaerippus.
1355 1078 1392 1116 O

206 1148 424 1194 hominem,
454 1162 614 1199 semper
642 1149 753 1187 illum
784 1150 947 1200 quidem
976 1149 1075 1187 mihi
1104 1155 1259 1200 aptum,
1288 1162 1392 1186 nunc

206 1231 301 1256 vero
335 1221 460 1256 etiam
493 1219 684 1257 suavem!
733 1219 877 1257 Vultus
910 1219 1140 1257 mehercule
1172 1225 1263 1257 tuos
1295 1218 1390 1255 mihi

206 1291 405 1338 expressit
432 1302 585 1333 omnes,
613 1302 694 1327 non
721 1283 848 1327 solum
877 1292 1055 1327 animum
1083 1302 1129 1326 ac
1156 1289 1278 1326 verba
1304 1301 1392 1338 per-

205 1358 312 1397 tulit.
367 1358 513 1410 Itaque
533 1359 612 1396 noli
632 1362 774 1404 vereri,
794 1372 845 1397 ne
865 1360 939 1397 tibi
959 1361 1266 1403 succensuerim,
1285 1357 1392 1409 quod

206 1429 350 1466 eodem
379 1428 566 1478 exemplo
594 1429 646 1467 ad
673 1442 752 1474 me,
781 1442 861 1480 quo
889 1429 942 1467 ad
968 1435 1138 1473 ceteros.
1191 1428 1392 1479 Requisivi

206 1499 395 1549 equidem
425 1501 604 1548 proprias
635 1499 687 1535 ad
716 1512 783 1536 me
813 1512 938 1536 unum
969 1512 993 1537 a
1021 1504 1065 1536 te
1094 1499 1279 1543 litteras3
1321 1497 1393 1535 sed

166 1574 188 1605 4
206 1581 339 1619 neque
367 1568 631 1606 vehementer
657 1573 700 1605 et
726 1574 924 1606 amanter.
978 1568 1043 1607 De
1069 1574 1247 1619 sumptu,
1272 1580 1392 1619 quem

136 1656 138 1658 ’
206 1644 250 1677 te
269 1641 310 1675 in
330 1652 416 1676 rem
435 1637 651 1676 militarem
671 1636 805 1675 facere
826 1643 869 1675 et
889 1637 1031 1676 fecisse
1051 1638 1162 1683 dicis,
1182 1637 1280 1675 nihil
1297 1649 1392 1675 sane

206 1721 367 1759 possum
381 1709 455 1746 tibi
468 1707 670 1758 opitulari,
682 1713 897 1758 propterea
910 1708 1019 1758 quod
1031 1713 1074 1746 et
1086 1708 1205 1745 orbus
1217 1712 1393 1751 senatus,

550 1898 565 1913 ⁰
590 1893 656 1927 See
672 1896 755 1926 note
768 1893 787 1926 b
803 1903 849 1926 on
865 1894 923 1925 xii.
940 1895 996 1926 92.
1012 1895 1046 1926 4.

363 1936 376 1957 ¹³
400 1940 422 1956 ‘⁶
434 1936 608 1979 Differing
623 1936 758 1970 thei-ein
773 1936 867 1969 from
883 1936 991 1979 you.”
1020 1942 1024 1946 “
1042 1935 1099 1978 Of.
1115 1939 1132 1975 5
1150 1939 1165 1969 1
1183 1935 1242 1969 fin.

215 1988 292 2028 618
