1448 2236
698 74 899 131 CICERO

202 196 246 232 in
258 200 441 233 mentem
455 196 584 235 multa
597 198 830 243 veniebant,
844 210 1038 249 magnum
1049 196 1208 248 pondus
1222 199 1390 235 accessit

202 262 256 300 ad
287 263 509 301 tollendam
541 263 853 311 dubitationem,
885 265 1076 303 iudicium
1109 270 1153 303 et
1184 264 1390 303 consilium

201 335 332 368 tuum.
380 330 485 368 Nam
508 337 551 369 et
571 334 761 382 scripsisti
781 338 939 383 aperte,
960 333 1057 384 quid
1077 333 1152 371 tibi
1171 332 1390 378 videretur,

203 403 246 436 et
266 399 428 436 Atticus
449 399 503 437 ad
522 412 588 437 me
609 412 837 438 sermonem
857 406 975 438 tuum
994 400 1177 451 pertulit.
1223 399 1391 450 Semper

200 466 372 504 iudicavi
404 469 447 504 in
479 472 523 505 te
558 472 601 506 et
633 470 676 505 in
708 468 904 518 capiendo
938 469 1100 507 consilio
1132 468 1391 519 prudentiam

201 547 401 572 summam
428 547 529 580 esse,
557 540 600 573 et
625 538 668 573 in
694 535 828 574 dando
855 536 991 582 fidem,
1017 538 1276 587 maximeque
1302 548 1390 573 sum

202 608 408 652 expertus,
432 616 524 640 cum
548 605 663 642 initio
687 603 810 641 civilis
834 603 930 642 belli
952 617 1026 654 per
1049 604 1206 642 litteras
1231 608 1275 641 te
1298 615 1391 641 con-

200 670 426 717 suluissem,
451 671 549 722 quid
574 671 672 709 mihi
697 670 928 709 faciendum
955 683 1043 709 esse
1069 683 1267 716 censeres,
1294 682 1391 708 eun-

200 738 351 776 dumne
369 738 424 777 ad
443 738 694 789 Pompeium,
714 752 767 777 an
786 739 1035 778 manendum
1052 741 1095 776 in
1115 739 1247 777 Italia.
1292 737 1391 776 Sua-

200 809 300 852 sisti‚
329 812 376 844 ut
404 807 654 845 consulerem
683 807 872 859 dignitati
900 820 1046 853 meae,
1090 820 1141 844 ex
1170 819 1264 858 quo,
1293 806 1391 857 quid

200 877 384 920 sentires,
403 874 585 912 intellexi
603 887 613 920 ;
648 880 691 912 et
709 888 798 912 sum
817 875 1038 912 admiratus
1058 874 1180 912 fidem
1191 879 1326 917 tuam,
1347 879 1390 912 et

199 944 243 979 in
260 941 421 979 consilio
441 942 574 979 dando
592 937 829 994 religionem
847 955 857 987 ;
890 942 1012 994 quod,
1031 955 1124 980 cum
1141 941 1251 980 aliud
1269 941 1388 979 malle

199 1012 483 1048 amicissimum
515 1015 632 1048 tuum
663 1016 844 1060 putares,
875 1012 1080 1061 antiquius
1112 1010 1187 1047 tibi
1217 1009 1389 1047 officium

162 1083 183 1115 2
200 1090 351 1123 meum,
376 1091 499 1129 quam
522 1078 625 1116 illius
649 1078 833 1116 voluntas
857 1077 949 1116 fuit.
999 1077 1201 1128 Equidem
1225 1083 1269 1116 et
1291 1082 1389 1115 ante

200 1145 275 1184 hoc
295 1151 457 1196 tempus
478 1151 520 1184 te
542 1146 678 1192 dilexi,
700 1152 743 1184 et
763 1159 923 1196 semper
942 1158 1009 1183 me
1029 1158 1054 1182 a
1074 1151 1118 1183 te
1138 1145 1250 1196 diligi
1269 1147 1387 1183 sensi.

200 1215 254 1252 Et
274 1227 366 1252 cum
386 1214 572 1252 abessem
591 1220 716 1265 atque
736 1217 779 1251 in
798 1216 954 1265 magnis
974 1213 1159 1264 periculis
1181 1226 1324 1258 essem,
1346 1218 1389 1251 et

199 1295 266 1319 me
302 1282 517 1320 absentem
555 1287 599 1320 et
635 1295 746 1319 meos
779 1287 1015 1332 praesentes
1048 1294 1074 1318 a
1105 1286 1149 1318 te
1182 1281 1310 1319 cultos
1345 1285 1388 1318 et

200 1349 387 1388 defensos
409 1363 496 1388 esse
515 1352 680 1387 memini
698 1362 707 1395 ;
739 1355 782 1387 et
796 1354 889 1400 post
907 1361 1046 1386 meum
1059 1347 1250 1394 reditum,
1266 1361 1388 1400 quam

198 1416 450 1456 familiariter
480 1431 640 1456 mecum
670 1419 830 1462 vixeris,
862 1429 1048 1467 quaeque
1081 1428 1157 1467 ego
1187 1415 1240 1454 de
1270 1421 1314 1454 te
1345 1421 1388 1454 et

199 1488 393 1523 senserim
431 1491 474 1523 et
508 1485 788 1535 praedicarim,
825 1497 978 1530 omnes,
1015 1486 1085 1535 qui
1121 1483 1252 1521 solent
1287 1482 1388 1521 haec

199 1552 536 1598 animadvertere,
563 1558 691 1590 testes
718 1552 927 1590 habemus.
980 1551 1268 1589 Gravissimum
1292 1563 1387 1588 vero

199 1621 390 1659 iudicium
412 1620 463 1658 de
485 1633 578 1658 mea
600 1619 679 1657 fide
703 1625 745 1657 et
767 1621 995 1657 constantia
1015 1618 1160 1664 fecisti,
1183 1632 1274 1656 cum
1294 1623 1388 1669 post

199 1693 373 1726 mortem
397 1687 577 1726 Caesaris
600 1692 734 1725 totum
757 1692 801 1724 te
823 1687 877 1724 ad
899 1688 1118 1724 amicitiam
1139 1699 1274 1724 meam
1295 1699 1386 1724 con-

199 1755 341 1794 tulisti.
387 1754 507 1802 Quod
525 1760 643 1793 tuum
661 1754 865 1796 iudicium,
885 1756 959 1791 nisi
978 1767 1071 1791 mea
1090 1766 1247 1791 summa
1264 1753 1387 1791 bene-

254 1902 269 1917 ⁰
293 1897 328 1930 It
343 1898 371 1929 is
387 1896 527 1929 evident
542 1896 634 1929 from
657 1896 717 1928 the
739 1895 806 1928 end
830 1895 871 1927 of
890 1898 906 1933 ἓ
932 1898 945 1927 1
972 1894 1051 1928 that
1073 1893 1212 1937 Oppius
1235 1892 1387 1935 thought

208 1940 285 1982 that
301 1939 454 1972 Cicero's
469 1939 547 1972 best
561 1938 681 1982 policy
697 1949 768 1971 was
785 1942 822 1971 to
833 1937 910 1980 join
926 1937 1098 1980 Pompey.

251 1984 264 2004 ὁ
289 1983 328 2016 C.
345 1983 463 2016 Julius
479 1982 620 2015 Caesar.

205 2040 281 2072 512
