1448 2236
679 80 881 120 OIOERO

185 196 278 222 cum
290 184 448 236 collega
459 190 569 231 tuus,
583 187 642 223 vir
656 185 910 232 clarissimus,
924 198 949 224 a
961 184 1200 225 foedissimis
1211 185 1375 224 latroni·
1446 177 1448 182 ¹

186 254 261 292 bus
280 255 536 294 obsideretur
553 268 563 301 3
597 258 666 306 qui
686 261 757 294 aut
774 258 915 307 positis
934 258 1053 294 armis
1070 269 1215 307 pacem
1230 260 1375 307 petere

185 324 341 363 debent
357 331 443 371 aut,
460 328 494 363 si
509 332 740 377 pugnantes
758 339 848 364 eam
862 326 1085 377 postulant,
1099 328 1267 365 victoria
1279 338 1375 377 pax,
1440 325 1448 349 ³³

186 409 267 433 non
283 398 474 446 pactione
489 396 686 447 parienda
703 402 778 435 est.
831 395 913 435 Sed
934 396 987 435 de
1007 409 1110 447 pace
1131 396 1295 435 litterae
1309 395 1375 434 vel

189 464 334 516 Lepidi
362 466 427 504 vel
453 472 551 505 tuae
579 480 702 518 quam
727 469 770 505 in
795 472 955 518 partem
983 472 1175 518 acceptae
1201 468 1296 512 sint,
1323 479 1375 504 ex

186 538 271 574 viro
300 539 468 587 optimo,
490 536 616 576 fratre
643 543 731 583 tuo,
753 542 797 576 et
826 551 877 576 ex
903 537 948 575 C.
971 537 1118 575 Furnio
1139 538 1291 588 poteris
1311 549 1376 575 co—

149 610 171 643 2
189 619 398 657 gnoscere.
453 607 526 646 Me
550 613 690 646 autem
712 608 873 658 impulit
895 610 957 646 tui
978 610 1138 653 caritas,
1157 613 1218 653 ut,
1237 619 1376 658 quam-

189 690 312 727 quam
352 691 427 716 nec
466 678 542 716 tibi
581 681 656 729 ipsi
696 678 904 717 consilium
943 677 1120 723 deesset,
1160 683 1204 716 et
1241 675 1375 715 fram-is

188 747 393 799 Furnique
443 749 729 787 benevolentia
778 748 988 799 fidelisque
1035 748 1253 800 prudentia
1300 747 1375 786 tibi

189 824 352 868 praesto
388 825 496 857 esset
529 818 680 864 futura,
713 819 859 857 vellem
892 824 1032 857 tamen
1064 831 1182 856 meae
1214 829 1376 869 quoque

189 891 442 927 auctoritatis
485 902 558 940 pro
601 889 781 940 plurimis
825 891 970 927 nostris
1013 887 1376 927 necessitudinibus
1431 898 1434 899 ’

187 965 453 1010 praeceptum
481 960 534 998 ad
559 965 603 998 te
631 959 795 1010 aliquod
819 961 1044 1010 pervenire.
1097 958 1228 997 Crede
1253 960 1378 1009 igitur

187 1029 300 1075 mihi,
329 1029 491 1076 Plance,
520 1043 674 1076 omnes,
703 1043 802 1081 quos
832 1029 962 1068 adhuc
989 1029 1138 1081 gradus
1166 1029 1376 1079 dignitatis
1426 1051 1428 1053 -

188 1106 428 1138 consecutus
456 1102 508 1138 sis
537 1100 598 1151 (es
627 1106 766 1139 autem
792 1100 965 1150 adeptus
990 1098 1284 1150 amplissimos),
1309 1111 1376 1136 eos

188 1169 385 1209 honorum
405 1171 600 1209 vocabula
619 1170 842 1216 habituros,
861 1184 942 1209 non
961 1169 1171 1221 dignitatis
1191 1170 1377 1220 insignia,
1425 1179 1428 1183 ·

188 1243 264 1278 nisi
286 1246 330 1279 te
352 1254 445 1278 cum
466 1241 658 1279 libertate
679 1241 817 1291 populi
840 1240 1011 1279 Romani
1034 1245 1078 1278 et
1098 1252 1191 1278 cum
1212 1244 1376 1277 senatus

189 1313 433 1349 auctoritate
472 1314 738 1350 coniunxeris.
792 1310 969 1361 Seiunge
1006 1315 1065 1355 te,
1104 1322 1268 1360 quaeso,
1308 1308 1376 1346 ali-

189 1381 352 1431 quando
372 1382 423 1419 ab
440 1383 501 1426 iis,
519 1394 611 1419 cum
629 1381 773 1432 quibus
790 1386 834 1419 te
851 1394 932 1418 non
948 1385 1066 1418 tuum
1082 1379 1287 1424 iudicium,
1304 1378 1377 1416 sed
1420 1419 1422 1421 ‚

150 1455 170 1489 3
189 1456 420 1502 temporum
446 1451 576 1490 vincla
601 1454 909 1490 coniunxerunt.
963 1449 1196 1500 Complures
1221 1451 1263 1487 in
1286 1461 1378 1499 per-

188 1522 422 1568 turbatione
441 1521 686 1572 reipublicae
705 1521 931 1560 consulares
945 1520 1056 1565 dicti,
1069 1532 1239 1570 quorum
1257 1531 1376 1557 nemo

190 1592 406 1630 consularis
438 1591 614 1637 habitus,
645 1594 720 1629 nisi
751 1594 820 1642 qui
851 1593 983 1629 animo
1015 1592 1173 1628 exstitit
1202 1585 1244 1627 in
1271 1602 1377 1627 rem-

187 1661 391 1713 publicam
421 1661 631 1700 consulari.
684 1661 825 1699 Talem
854 1663 979 1712 igitur
1007 1666 1052 1698 te
1083 1672 1171 1698 esse
1200 1664 1377 1710 oportet,
1416 1683 1418 1685 >

190 1734 259 1783 qui
289 1735 464 1783 primum
496 1737 539 1770 te
571 1732 622 1770 ab
652 1733 867 1782 impiorum
897 1732 1043 1768 civium
1072 1731 1134 1768 tui
1165 1728 1376 1767 dissimilli-
1447 1765 1448 1774 ,

238 1931 253 1947 ⁰
278 1927 446 1960 Decimus
462 1926 604 1965 Brutus,
617 1923 809 1967 appointed
821 1924 871 1967 by
883 1922 1013 1957 Caesar
1023 1925 1061 1956 to
1072 1921 1156 1956 hold
1167 1922 1228 1956 the
1238 1921 1373 1956 consul-
1446 1925 1448 1968 ξ

192 1968 271 2011 ship
287 1969 371 2002 with
390 1968 540 2002 Plancus
557 1970 593 2001 in
609 1970 665 2001 42.

196 2025 272 2059 308
