1448 2236
682 51 884 91 CICERO

187 158 305 197 multi
328 159 471 209 optimi
494 159 581 203 viri,
604 160 674 208 qui
696 157 939 196 valetudinis
961 170 1082 197 causa
1103 160 1146 197 in
1167 158 1269 199 haec
1290 158 1379 199 loca

187 215 370 258 veniunt,
383 217 598 263 praeterea
613 225 664 250 ex
677 214 901 263 municipiis
915 211 1151 264 frequentes
1164 216 1378 253 necessarii

188 267 299 319 mei‚)
314 269 412 318 quin
430 279 583 312 omnes,
596 279 688 304 cum
706 271 751 304 te
765 269 930 305 summis
948 266 1134 306 laudibus
1150 268 1203 307 ad
1219 267 1377 306 caelum

191 321 441 367 extulerunt,
473 320 573 357 mihi
605 322 796 359 continuo
828 323 1025 359 maximas
1057 324 1208 373 gratias
1240 328 1378 374 agant.

188 376 355 427 Negant
373 377 481 414 enim
498 388 542 413 se
559 374 761 420 dubitare,
779 377 877 426 quin
893 381 954 420 tu,
971 377 1073 413 meis
1090 379 1318 427 praeceptis
1337 382 1380 415 et

189 430 360 469 consiliis
383 430 684 480 obtemperans,
705 431 1097 480 praestantissimum
1118 435 1163 469 te
1185 433 1313 469 civem
1337 436 1380 469 et

144 490 166 523 2
185 484 431 536 singularem
455 483 662 522 consulem
685 484 896 534 praebeas.
949 484 1106 532 Quibus
1132 497 1222 536 ego,
1241 498 1381 536 quam-

190 553 313 591 quam
336 540 543 576 verissime
565 551 730 588 possum
752 538 1011 589 respondere,
1033 544 1092 584 te,
1115 551 1221 590 quae
1243 538 1380 585 facias,

187 599 261 633 tuo
277 593 424 632 iudicio
441 598 485 631 et
500 597 574 630 tua
589 598 734 643 sponte
750 591 899 638 facere,
915 605 990 631 nec
1006 595 1243 644 cuiusquam
1259 604 1382 645 egere

189 647 369 693 consilio,
388 653 529 685 tamen
550 659 684 697 neque
703 647 824 697 plane
845 650 1053 693 assentior,
1073 661 1125 685 ne
1144 649 1380 686 imminuam

189 708 305 741 tuam
322 701 502 746 laudem,
520 702 553 738 si
580 702 709 738 omnis
741 714 765 738 a
792 703 893 739 meis
922 701 1091 739 consiliis
1118 700 1302 752 profecta
1325 704 1382 740 vi-
1428 703 1430 707 ’

189 756 350 802 deatur,
364 767 500 806 neque
519 754 637 792 valde
657 767 775 805 nego.
828 754 926 792 Sum
946 757 1053 793 enim
1073 755 1223 793 avidior
1243 757 1381 802 etiam,
1430 790 1433 794 ,

191 823 314 861 quam
336 811 433 847 satis
458 813 534 854 est,
557 808 724 859 gloriae.
777 808 832 846 Et
854 814 995 847 tamen
1015 822 1097 847 non
1119 809 1296 847 alienum
1318 815 1382 848 est

191 864 394 914 dignitate
421 868 508 907 tua,
536 862 645 912 quod
671 864 747 912 ipsi
774 862 1085 913 Agamemnoni,
1110 876 1255 914 regum
1280 866 1380 914 regi,
1427 879 1430 880 ⁷

190 917 270 955 fuit
291 917 522 961 honestum,
544 915 696 954 habere
719 915 896 966 aliquem
917 918 960 954 in
980 916 1151 954 consiliis
1173 917 1381 968 capiundis

191 971 408 1009 Nestorem
423 982 433 1016 ;
456 969 555 1006 mihi
568 983 664 1007 vero
677 969 906 1020 gloriosum,
920 975 964 1008 te
977 972 1165 1008 iuvenem
1177 970 1382 1009 consulem

190 1025 335 1064 florere
365 1023 567 1068 laudibus,
600 1025 714 1074 quasi
747 1023 953 1062 alumnum
985 1023 1218 1075 disciplinae
1248 1037 1380 1063 meae.

152 1085 173 1117 3
193 1079 240 1118 L.
262 1078 428 1130 quidem
449 1077 612 1122 Caesar,
633 1090 724 1115 cum
746 1077 799 1116 ad
820 1090 914 1115 eum
934 1083 1147 1129 aegrotum
1167 1077 1381 1129 Neapolim

191 1135 407 1177 venissem,
433 1144 679 1182 quamquam
705 1136 794 1169 erat
819 1144 1032 1182 oppressus
1056 1134 1182 1171 totius
1207 1134 1381 1183 corporis
1430 1137 1432 1140 ’

193 1187 409 1231 doloribus,
427 1191 568 1223 tamen
587 1190 697 1230 ante,
716 1198 838 1236 quam
855 1198 922 1223 me
939 1185 1060 1236 plane
1077 1185 1282 1231 salutavit,
1301 1184 1324 1199 ‘⁶
1343 1185 1380 1225 Ο

192 1243 249 1279 mi
268 1238 448 1285 Cicero,”
467 1241 614 1289 inquit,
634 1237 656 1252 ‘⁴
675 1238 856 1290 gratulor
874 1239 963 1285 tibi,
981 1253 1074 1278 cum
1092 1245 1255 1278 tantum
1272 1239 1381 1278 vales

193 1294 303 1346 apud
320 1293 589 1338 Dolabellam,
607 1298 806 1343 quantum
823 1294 856 1331 si
875 1306 951 1344 ego
969 1292 1079 1344 apud
1095 1295 1238 1332 sororis
1256 1293 1381 1331 filium
1424 1332 1426 1334 ,

193 1348 385 1393 valerem,
409 1349 491 1384 iam
515 1346 612 1384 salvi
638 1359 726 1384 esse
749 1359 970 1397 possemus.
1024 1346 1262 1385 Dolabellae
1285 1360 1381 1385 vero

194 1408 266 1441 tuo
290 1407 334 1440 et
358 1400 539 1452 gratulor
566 1405 610 1438 et
634 1402 786 1451 gratias
814 1413 919 1452 ago;
952 1413 1075 1452 quem
1098 1400 1262 1451 quidem
1288 1406 1382 1451 post

195 1462 239 1495 te
258 1455 464 1495 consulem
488 1453 617 1493 solum
638 1467 850 1505 possumus
868 1467 964 1492 vere
981 1454 1187 1493 consulem
1205 1453 1381 1493 dicere.”

243 1562 259 1577 ⁰
284 1556 341 1589 He
355 1566 428 1589 was
441 1555 619 1598 probably
633 1555 744 1589 about
758 1555 964 1598 thirty-five,
979 1555 1118 1598 though
1134 1556 1326 1599 according
1343 1559 1381 1590 to

198 1600 343 1642 Appian
364 1599 468 1641 (Bc.
486 1600 522 1632 ii.
547 1599 625 1641 129)
639 1599 684 1632 he
699 1609 771 1632 was
789 1599 894 1632 made
911 1599 1034 1632 consul
1050 1599 1208 1642 through
1222 1598 1382 1633 Caesar's

199 1643 374 1676 influence
399 1645 437 1675 at
462 1642 524 1674 the
552 1642 650 1684 early
676 1653 745 1684 age
769 1642 810 1675 of
836 1642 1074 1685 twenty-five3
1105 1642 1150 1676 he
1175 1642 1247 1675 had
1276 1653 1382 1676 never

198 1685 280 1719 held
296 1686 357 1719 the
372 1684 605 1728 praetorship.

248 1728 262 1749 δ
285 1727 419 1762 Consul
435 1729 472 1760 in
491 1729 534 1760 64
553 1738 618 1760 mc.
637 1726 768 1768 (father
785 1726 826 1759 of
839 1727 900 1760 the
919 1727 960 1760 L.
979 1726 1110 1760 Caesar
1125 1727 1326 1760 mentioned
1345 1729 1381 1760 in

200 1773 245 1804 ix.
270 1773 302 1804 7.
324 1771 374 1813 2).
422 1771 488 1803 His
512 1771 612 1803 sister
633 1770 655 1803 J
660 1770 732 1802 ulia
757 1770 910 1803 married
935 1770 987 1803 M.
1011 1770 1189 1803 Antonius
1211 1770 1380 1810 Creticus,

197 1814 270 1847 and
290 1824 362 1847 was
380 1814 441 1847 the
460 1814 598 1847 mother
616 1812 656 1846 of
671 1813 732 1846 the
749 1813 937 1845 Triumvir.
984 1813 1087 1846 After
1105 1813 1165 1846 the
1184 1813 1326 1846 murder
1345 1813 1384 1847 of

198 1858 259 1890 the
275 1858 448 1895 Dictator,
466 1856 508 1890 L.
527 1856 657 1890 Caesar
672 1856 762 1889 tried
778 1859 816 1888 to
833 1856 986 1889 mediate
1002 1856 1159 1890 between
1175 1856 1236 1889 the
1252 1855 1382 1890 Senate

198 1900 271 1933 and
284 1900 444 1942 Antony,
457 1899 529 1932 and
544 1909 615 1932 was
627 1898 830 1941 proscribed
844 1899 894 1942 by
905 1899 967 1933 the
978 1898 1184 1938 Triumvirs,
1197 1899 1264 1932 but
1275 1899 1383 1934 saved
1427 1903 1430 1905 ’

198 1943 248 1986 by
264 1943 319 1976 his
333 1945 436 1976 sister
449 1943 473 1976 J
476 1942 578 1975 ulia's
593 1942 832 1976 intereession.
1424 1944 1426 1946 ’

203 1993 279 2034 226
