<?xml version="1.0" encoding="UTF-8"?>
<!DOCTYPE html PUBLIC "-//W3C//DTD XHTML 1.0 Transitional//EN"
    "http://www.w3.org/TR/xhtml1/DTD/xhtml1-transitional.dtd">
<html xmlns="http://www.w3.org/1999/xhtml" xml:lang="en" lang="en">
 <head>
  <title>
</title>
<meta http-equiv="Content-Type" content="text/html;charset=utf-8" />
  <meta name='ocr-system' content='tesseract 3.04.00' />
  <meta name='ocr-capabilities' content='ocr_page ocr_carea ocr_par ocr_line ocrx_word'/>
</head>
<body>
  <div class='ocr_page' id='page_1' title='image "./letterstohisfrie02ciceuoft_0644.png"; bbox 0 0 1448 2236; ppageno 0'>
   <div class='ocr_carea' id='block_1_1' title="bbox 695 50 897 89">
    <p class='ocr_par' dir='ltr' id='par_1_1' title="bbox 695 50 897 89">
     <span class='ocr_line' id='line_1_1' title="bbox 695 50 897 89; baseline 0.005 -1"><span class='ocrx_word' id='word_1_1' title='bbox 695 50 897 89; x_wconf 89' lang='lat' dir='ltr'>CICERO</span> 
     </span>
    </p>
   </div>
   <div class='ocr_carea' id='block_1_2' title="bbox 158 152 1448 1626">
    <p class='ocr_par' dir='ltr' id='par_1_2' title="bbox 158 152 1448 1626">
     <span class='ocr_line' id='line_1_2' title="bbox 198 152 1388 206; baseline 0.002 -17"><span class='ocrx_word' id='word_1_2' title='bbox 198 154 338 203; x_wconf 86' lang='lat' dir='ltr'><strong>ignota</strong></span> <span class='ocrx_word' id='word_1_3' title='bbox 361 166 410 190; x_wconf 89' lang='lat' dir='ltr'><strong>ea</strong></span> <span class='ocrx_word' id='word_1_4' title='bbox 431 152 695 199; x_wconf 78' lang='lat' dir='ltr'><strong>familiaritas,</strong></span> <span class='ocrx_word' id='word_1_5' title='bbox 718 167 822 206; x_wconf 87' lang='lat' dir='ltr'><strong>quae</strong></span> <span class='ocrx_word' id='word_1_6' title='bbox 844 155 943 192; x_wconf 92' lang='lat' dir='ltr'><strong>mihi</strong></span> <span class='ocrx_word' id='word_1_7' title='bbox 963 168 1055 193; x_wconf 89' lang='lat' dir='ltr'><strong>cum</strong></span> <span class='ocrx_word' id='word_1_8' title='bbox 1078 154 1126 192; x_wconf 90' lang='lat' dir='ltr'><strong>L.</strong></span> <span class='ocrx_word' id='word_1_9' title='bbox 1149 153 1291 192; x_wconf 86' lang='lat' dir='ltr'><strong>Lamia</strong></span> <span class='ocrx_word' id='word_1_10' title='bbox 1313 158 1388 192; x_wconf 90' lang='lat' dir='ltr'><strong>est.</strong></span> 
     </span>
     <span class='ocr_line' id='line_1_3' title="bbox 199 214 1389 266; baseline 0.001 -15"><span class='ocrx_word' id='word_1_11' title='bbox 199 214 364 252; x_wconf 86' lang='lat' dir='ltr'>Etenim</span> <span class='ocrx_word' id='word_1_12' title='bbox 394 228 543 266; x_wconf 89' lang='lat' dir='ltr'><strong>magno</strong></span> <span class='ocrx_word' id='word_1_13' title='bbox 573 215 735 254; x_wconf 85' lang='lat' dir='ltr'><strong>theatro</strong></span> <span class='ocrx_word' id='word_1_14' title='bbox 765 222 950 266; x_wconf 88' lang='lat' dir='ltr'><strong>spectata</strong></span> <span class='ocrx_word' id='word_1_15' title='bbox 980 222 1043 255; x_wconf 90' lang='lat' dir='ltr'><strong>est</strong></span> <span class='ocrx_word' id='word_1_16' title='bbox 1072 222 1175 261; x_wconf 88' lang='lat' dir='ltr'><strong>tum,</strong></span> <span class='ocrx_word' id='word_1_17' title='bbox 1204 229 1296 253; x_wconf 89' lang='lat' dir='ltr'><strong>cum</strong></span> <span class='ocrx_word' id='word_1_18' title='bbox 1326 220 1389 252; x_wconf 88' lang='lat' dir='ltr'><strong>est</strong></span> 
     </span>
     <span class='ocr_line' id='line_1_4' title="bbox 199 275 1390 329; baseline 0 -16"><span class='ocrx_word' id='word_1_19' title='bbox 199 276 251 313; x_wconf 90' lang='lat' dir='ltr'><strong>ab</strong></span> <span class='ocrx_word' id='word_1_20' title='bbox 273 276 445 314; x_wconf 90' lang='lat' dir='ltr'><strong>Gabinio</strong></span> <span class='ocrx_word' id='word_1_21' title='bbox 467 277 628 315; x_wconf 91' lang='lat' dir='ltr'><strong>consule</strong></span> <span class='ocrx_word' id='word_1_22' title='bbox 650 277 868 329; x_wconf 89' lang='lat' dir='ltr'><strong>relegatus,</strong></span> <span class='ocrx_word' id='word_1_23' title='bbox 890 278 999 329; x_wconf 92' lang='lat' dir='ltr'><strong>quod</strong></span> <span class='ocrx_word' id='word_1_24' title='bbox 1018 277 1144 316; x_wconf 90' lang='lat' dir='ltr'><strong>libere</strong></span> <span class='ocrx_word' id='word_1_25' title='bbox 1167 282 1210 315; x_wconf 90' lang='lat' dir='ltr'><strong>et</strong></span> <span class='ocrx_word' id='word_1_26' title='bbox 1229 275 1390 315; x_wconf 89' lang='lat' dir='ltr'><strong>fortiter</strong></span> 
     </span>
     <span class='ocr_line' id='line_1_5' title="bbox 198 337 1390 378; baseline 0 -3"><span class='ocrx_word' id='word_1_27' title='bbox 198 337 372 375; x_wconf 87' lang='lat' dir='ltr'><strong>salutem</strong></span> <span class='ocrx_word' id='word_1_28' title='bbox 399 352 534 376; x_wconf 90' lang='lat' dir='ltr'><strong>meam</strong></span> <span class='ocrx_word' id='word_1_29' title='bbox 561 338 823 378; x_wconf 86' lang='lat' dir='ltr'><strong>defendisset.</strong></span> <span class='ocrx_word' id='word_1_30' title='bbox 878 339 963 378; x_wconf 90' lang='lat' dir='ltr'><strong>Nec</strong></span> <span class='ocrx_word' id='word_1_31' title='bbox 990 353 1042 377; x_wconf 90' lang='lat' dir='ltr'><strong>ex</strong></span> <span class='ocrx_word' id='word_1_32' title='bbox 1069 353 1118 378; x_wconf 84' lang='lat' dir='ltr'><strong>eo</strong></span> <span class='ocrx_word' id='word_1_33' title='bbox 1145 352 1257 377; x_wconf 88' lang='lat' dir='ltr'><strong>amor</strong></span> <span class='ocrx_word' id='word_1_34' title='bbox 1282 341 1390 376; x_wconf 88' lang='lat' dir='ltr'><strong>inter</strong></span> 
     </span>
     <span class='ocr_line' id='line_1_6' title="bbox 198 401 1388 452; baseline 0 -16"><span class='ocrx_word' id='word_1_35' title='bbox 198 412 270 437; x_wconf 91' lang='lat' dir='ltr'><strong>nos</strong></span> <span class='ocrx_word' id='word_1_36' title='bbox 306 405 425 438; x_wconf 89' lang='lat' dir='ltr'><strong>natus</strong></span> <span class='ocrx_word' id='word_1_37' title='bbox 462 406 552 445; x_wconf 88' lang='lat' dir='ltr'><strong>est;</strong></span> <span class='ocrx_word' id='word_1_38' title='bbox 601 401 674 439; x_wconf 90' lang='lat' dir='ltr'><strong>sed</strong></span> <span class='ocrx_word' id='word_1_39' title='bbox 708 402 817 452; x_wconf 92' lang='lat' dir='ltr'><strong>quod</strong></span> <span class='ocrx_word' id='word_1_40' title='bbox 852 407 941 439; x_wconf 89' lang='lat' dir='ltr'><strong>erat</strong></span> <span class='ocrx_word' id='word_1_41' title='bbox 975 407 1091 439; x_wconf 92' lang='lat' dir='ltr'><strong>vetus</strong></span> <span class='ocrx_word' id='word_1_42' title='bbox 1126 406 1170 439; x_wconf 88' lang='lat' dir='ltr'><strong>et</strong></span> <span class='ocrx_word' id='word_1_43' title='bbox 1203 412 1388 451; x_wconf 90' lang='lat' dir='ltr'><strong>magnus,</strong></span> 
     </span>
     <span class='ocr_line' id='line_1_7' title="bbox 197 462 1388 513; baseline 0 -15"><span class='ocrx_word' id='word_1_44' title='bbox 197 467 415 511; x_wconf 87' lang='lat' dir='ltr'><strong>propterea</strong></span> <span class='ocrx_word' id='word_1_45' title='bbox 438 462 591 500; x_wconf 92' lang='lat' dir='ltr'><strong>nullum</strong></span> <span class='ocrx_word' id='word_1_46' title='bbox 613 462 835 512; x_wconf 89' lang='lat' dir='ltr'><strong>periculum</strong></span> <span class='ocrx_word' id='word_1_47' title='bbox 857 477 929 513; x_wconf 90' lang='lat' dir='ltr'><strong>pro</strong></span> <span class='ocrx_word' id='word_1_48' title='bbox 951 476 1018 501; x_wconf 91' lang='lat' dir='ltr'><strong>me</strong></span> <span class='ocrx_word' id='word_1_49' title='bbox 1041 463 1151 501; x_wconf 90' lang='lat' dir='ltr'><strong>adire</strong></span> <span class='ocrx_word' id='word_1_50' title='bbox 1174 462 1388 501; x_wconf 87' lang='lat' dir='ltr'><strong>dubitavit.</strong></span> 
     </span>
     <span class='ocr_line' id='line_1_8' title="bbox 198 523 1390 575; baseline -0.001 -15"><span class='ocrx_word' id='word_1_51' title='bbox 198 523 265 560; x_wconf 93' lang='lat' dir='ltr'><strong>Ad</strong></span> <span class='ocrx_word' id='word_1_52' title='bbox 291 523 391 561; x_wconf 87' lang='lat' dir='ltr'><strong>haec</strong></span> <span class='ocrx_word' id='word_1_53' title='bbox 417 524 544 561; x_wconf 90' lang='lat' dir='ltr'><strong>officia</strong></span> <span class='ocrx_word' id='word_1_54' title='bbox 570 524 633 562; x_wconf 87' lang='lat' dir='ltr'><strong>vel</strong></span> <span class='ocrx_word' id='word_1_55' title='bbox 658 527 804 562; x_wconf 90' lang='lat' dir='ltr'><strong>merita</strong></span> <span class='ocrx_word' id='word_1_56' title='bbox 829 527 963 575; x_wconf 89' lang='lat' dir='ltr'><strong>potius</strong></span> <span class='ocrx_word' id='word_1_57' title='bbox 988 524 1272 562; x_wconf 77' lang='lat' dir='ltr'><strong>iucundissima</strong></span> <span class='ocrx_word' id='word_1_58' title='bbox 1297 535 1390 560; x_wconf 89' lang='lat' dir='ltr'><strong>con-</strong></span> 
     </span>
     <span class='ocr_line' id='line_1_9' title="bbox 198 583 1389 637; baseline 0 -16"><span class='ocrx_word' id='word_1_59' title='bbox 198 585 372 622; x_wconf 92' lang='lat' dir='ltr'><strong>suetudo</strong></span> <span class='ocrx_word' id='word_1_60' title='bbox 392 586 562 631; x_wconf 87' lang='lat' dir='ltr'><strong>accedit,</strong></span> <span class='ocrx_word' id='word_1_61' title='bbox 582 591 629 624; x_wconf 93' lang='lat' dir='ltr'><strong>ut</strong></span> <span class='ocrx_word' id='word_1_62' title='bbox 652 585 760 624; x_wconf 90' lang='lat' dir='ltr'><strong>nullo</strong></span> <span class='ocrx_word' id='word_1_63' title='bbox 779 599 939 637; x_wconf 89' lang='lat' dir='ltr'><strong>prorsus</strong></span> <span class='ocrx_word' id='word_1_64' title='bbox 961 586 1051 637; x_wconf 90' lang='lat' dir='ltr'><strong>plus</strong></span> <span class='ocrx_word' id='word_1_65' title='bbox 1074 585 1235 623; x_wconf 91' lang='lat' dir='ltr'><strong>homine</strong></span> <span class='ocrx_word' id='word_1_66' title='bbox 1258 583 1389 622; x_wconf 88' lang='lat' dir='ltr'><strong>delec-</strong></span> 
     </span>
     <span class='ocr_line' id='line_1_10' title="bbox 198 645 1388 699; baseline -0.001 -16"><span class='ocrx_word' id='word_1_67' title='bbox 198 651 274 684; x_wconf 88' lang='lat' dir='ltr'><strong>ter.</strong></span> <span class='ocrx_word' id='word_1_68' title='bbox 329 646 420 684; x_wconf 91' lang='lat' dir='ltr'><strong>Non</strong></span> <span class='ocrx_word' id='word_1_69' title='bbox 447 653 548 697; x_wconf 93' lang='lat' dir='ltr'><strong>puto</strong></span> <span class='ocrx_word' id='word_1_70' title='bbox 576 653 620 685; x_wconf 91' lang='lat' dir='ltr'><strong>te</strong></span> <span class='ocrx_word' id='word_1_71' title='bbox 647 650 729 685; x_wconf 90' lang='lat' dir='ltr'><strong>iam</strong></span> <span class='ocrx_word' id='word_1_72' title='bbox 758 654 1009 699; x_wconf 86' lang='lat' dir='ltr'><strong>exspectare,</strong></span> <span class='ocrx_word' id='word_1_73' title='bbox 1032 648 1176 698; x_wconf 89' lang='lat' dir='ltr'><strong>quibus</strong></span> <span class='ocrx_word' id='word_1_74' title='bbox 1199 660 1293 684; x_wconf 93' lang='lat' dir='ltr'><strong>eum</strong></span> <span class='ocrx_word' id='word_1_75' title='bbox 1314 645 1388 683; x_wconf 90' lang='lat' dir='ltr'><strong>tibi</strong></span> 
     </span>
     <span class='ocr_line' id='line_1_11' title="bbox 198 708 1389 747; baseline -0.001 -2"><span class='ocrx_word' id='word_1_76' title='bbox 198 708 328 746; x_wconf 86' lang='lat' dir='ltr'><strong>verbis</strong></span> <span class='ocrx_word' id='word_1_77' title='bbox 362 709 658 747; x_wconf 89' lang='lat' dir='ltr'>commendem.</span> <span class='ocrx_word' id='word_1_78' title='bbox 711 709 842 747; x_wconf 86' lang='lat' dir='ltr'>Causa</span> <span class='ocrx_word' id='word_1_79' title='bbox 876 712 983 747; x_wconf 91' lang='lat' dir='ltr'><strong>enim</strong></span> <span class='ocrx_word' id='word_1_80' title='bbox 1015 711 1122 747; x_wconf 89' lang='lat' dir='ltr'><strong>tanti</strong></span> <span class='ocrx_word' id='word_1_81' title='bbox 1155 710 1299 746; x_wconf 89' lang='lat' dir='ltr'><strong>amoris</strong></span> <span class='ocrx_word' id='word_1_82' title='bbox 1330 709 1389 744; x_wconf 91' lang='lat' dir='ltr'><strong>in-</strong></span> 
     </span>
     <span class='ocr_line' id='line_1_12' title="bbox 198 769 1388 821; baseline -0.001 -14"><span class='ocrx_word' id='word_1_83' title='bbox 198 769 357 821; x_wconf 89' lang='lat' dir='ltr'><strong>tellegis</strong></span> <span class='ocrx_word' id='word_1_84' title='bbox 379 783 483 821; x_wconf 88' lang='lat' dir='ltr'><strong>quae</strong></span> <span class='ocrx_word' id='word_1_85' title='bbox 505 771 628 808; x_wconf 89' lang='lat' dir='ltr'><strong>verba</strong></span> <span class='ocrx_word' id='word_1_86' title='bbox 648 771 853 809; x_wconf 79' lang='lat' dir='ltr'><strong>desideret</strong></span> <span class='ocrx_word' id='word_1_87' title='bbox 871 783 881 815; x_wconf 93' lang='lat'>;</span> <span class='ocrx_word' id='word_1_88' title='bbox 914 774 962 809; x_wconf 93' lang='lat' dir='ltr'><strong>iis</strong></span> <span class='ocrx_word' id='word_1_89' title='bbox 981 784 1048 809; x_wconf 92' lang='lat' dir='ltr'><strong>me</strong></span> <span class='ocrx_word' id='word_1_90' title='bbox 1068 770 1252 808; x_wconf 89' lang='lat' dir='ltr'><strong>omnibus</strong></span> <span class='ocrx_word' id='word_1_91' title='bbox 1273 782 1388 807; x_wconf 90' lang='lat' dir='ltr'><strong>usum</strong></span> 
     </span>
     <span class='ocr_line' id='line_1_13' title="bbox 158 830 1388 883; baseline 0.001 -16"><span class='ocrx_word' id='word_1_92' title='bbox 158 835 179 866; x_wconf 90' lang='lat'><strong>2</strong></span> <span class='ocrx_word' id='word_1_93' title='bbox 197 837 357 880; x_wconf 88' lang='lat' dir='ltr'><strong>putato.</strong></span> <span class='ocrx_word' id='word_1_94' title='bbox 409 832 586 870; x_wconf 90' lang='lat' dir='ltr'><strong>Tantum</strong></span> <span class='ocrx_word' id='word_1_95' title='bbox 604 832 722 870; x_wconf 91' lang='lat' dir='ltr'><strong>velim</strong></span> <span class='ocrx_word' id='word_1_96' title='bbox 740 835 960 877; x_wconf 81' lang='lat' dir='ltr'><strong>existimes,</strong></span> <span class='ocrx_word' id='word_1_97' title='bbox 977 835 1010 870; x_wconf 92' lang='lat' dir='ltr'><strong>si</strong></span> <span class='ocrx_word' id='word_1_98' title='bbox 1025 834 1192 883; x_wconf 88' lang='lat' dir='ltr'><strong>negotia</strong></span> <span class='ocrx_word' id='word_1_99' title='bbox 1208 830 1388 874; x_wconf 85' lang='lat' dir='ltr'><strong>Lamiae,</strong></span> 
     </span>
     <span class='ocr_line' id='line_1_14' title="bbox 196 892 1388 945; baseline -0.001 -15"><span class='ocrx_word' id='word_1_100' title='bbox 196 898 489 942; x_wconf 90' lang='lat' dir='ltr'><strong>procuratores,</strong></span> <span class='ocrx_word' id='word_1_101' title='bbox 506 893 686 939; x_wconf 90' lang='lat' dir='ltr'><strong>libertos,</strong></span> <span class='ocrx_word' id='word_1_102' title='bbox 704 893 913 939; x_wconf 89' lang='lat' dir='ltr'><strong>familiam,</strong></span> <span class='ocrx_word' id='word_1_103' title='bbox 932 894 1251 945; x_wconf 90' lang='lat' dir='ltr'><strong>quibuscumque</strong></span> <span class='ocrx_word' id='word_1_104' title='bbox 1268 892 1388 930; x_wconf 86' lang='lat' dir='ltr'><strong>rebus</strong></span> 
     </span>
     <span class='ocr_line' id='line_1_15' title="bbox 197 954 1388 1006; baseline -0.002 -14"><span class='ocrx_word' id='word_1_105' title='bbox 197 967 296 1004; x_wconf 94' lang='lat' dir='ltr'><strong>opus</strong></span> <span class='ocrx_word' id='word_1_106' title='bbox 329 957 420 1000; x_wconf 90' lang='lat' dir='ltr'><strong>erit,</strong></span> <span class='ocrx_word' id='word_1_107' title='bbox 451 954 696 1000; x_wconf 87' lang='lat' dir='ltr'><strong>defenderis,</strong></span> <span class='ocrx_word' id='word_1_108' title='bbox 727 958 881 1006; x_wconf 90' lang='lat' dir='ltr'><strong>gratius</strong></span> <span class='ocrx_word' id='word_1_109' title='bbox 911 955 1011 993; x_wconf 92' lang='lat' dir='ltr'><strong>mihi</strong></span> <span class='ocrx_word' id='word_1_110' title='bbox 1040 954 1235 1000; x_wconf 86' lang='lat' dir='ltr'><strong>futurum,</strong></span> <span class='ocrx_word' id='word_1_111' title='bbox 1266 966 1388 1004; x_wconf 91' lang='lat' dir='ltr'><strong>quam</strong></span> 
     </span>
     <span class='ocr_line' id='line_1_16' title="bbox 197 1015 1388 1067; baseline -0.001 -14"><span class='ocrx_word' id='word_1_112' title='bbox 197 1018 230 1053; x_wconf 93' lang='lat' dir='ltr'><strong>si</strong></span> <span class='ocrx_word' id='word_1_113' title='bbox 257 1029 306 1053; x_wconf 92' lang='lat' dir='ltr'><strong>ea</strong></span> <span class='ocrx_word' id='word_1_114' title='bbox 332 1022 404 1054; x_wconf 91' lang='lat' dir='ltr'><strong>tua</strong></span> <span class='ocrx_word' id='word_1_115' title='bbox 429 1016 649 1055; x_wconf 78' lang='lat' dir='ltr'><strong>liberalitas</strong></span> <span class='ocrx_word' id='word_1_116' title='bbox 675 1019 937 1067; x_wconf 78' lang='lat' dir='ltr'><strong>pertinuisset</strong></span> <span class='ocrx_word' id='word_1_117' title='bbox 963 1017 1015 1055; x_wconf 93' lang='lat' dir='ltr'><strong>ad</strong></span> <span class='ocrx_word' id='word_1_118' title='bbox 1039 1029 1125 1055; x_wconf 89' lang='lat' dir='ltr'><strong>rem</strong></span> <span class='ocrx_word' id='word_1_119' title='bbox 1150 1015 1388 1053; x_wconf 87' lang='lat' dir='ltr'><strong>familiarem</strong></span> 
     </span>
     <span class='ocr_line' id='line_1_17' title="bbox 197 1078 1388 1129; baseline -0.001 -14"><span class='ocrx_word' id='word_1_120' title='bbox 197 1091 332 1115; x_wconf 87' lang='lat' dir='ltr'><strong>meam</strong></span> <span class='ocrx_word' id='word_1_121' title='bbox 350 1090 360 1123; x_wconf 93' lang='lat'>;</span> <span class='ocrx_word' id='word_1_122' title='bbox 399 1091 474 1116; x_wconf 88' lang='lat' dir='ltr'><strong>nec</strong></span> <span class='ocrx_word' id='word_1_123' title='bbox 498 1078 654 1124; x_wconf 92' lang='lat' dir='ltr'><strong>dubito,</strong></span> <span class='ocrx_word' id='word_1_124' title='bbox 679 1081 776 1129; x_wconf 91' lang='lat' dir='ltr'><strong>quin</strong></span> <span class='ocrx_word' id='word_1_125' title='bbox 800 1081 885 1116; x_wconf 90' lang='lat' dir='ltr'><strong>sine</strong></span> <span class='ocrx_word' id='word_1_126' title='bbox 909 1092 1002 1116; x_wconf 90' lang='lat' dir='ltr'><strong>mea</strong></span> <span class='ocrx_word' id='word_1_127' title='bbox 1024 1078 1388 1121; x_wconf 87' lang='lat' dir='ltr'><strong>commendatione,</strong></span> 
     </span>
     <span class='ocr_line' id='line_1_18' title="bbox 198 1138 1388 1190; baseline -0.001 -14"><span class='ocrx_word' id='word_1_128' title='bbox 198 1140 307 1190; x_wconf 92' lang='lat' dir='ltr'><strong>quod</strong></span> <span class='ocrx_word' id='word_1_129' title='bbox 325 1145 442 1177; x_wconf 89' lang='lat' dir='ltr'><strong>tuum</strong></span> <span class='ocrx_word' id='word_1_130' title='bbox 461 1145 524 1178; x_wconf 89' lang='lat' dir='ltr'><strong>est</strong></span> <span class='ocrx_word' id='word_1_131' title='bbox 541 1140 732 1178; x_wconf 89' lang='lat' dir='ltr'><strong>iudicium</strong></span> <span class='ocrx_word' id='word_1_132' title='bbox 751 1140 802 1178; x_wconf 92' lang='lat' dir='ltr'><strong>de</strong></span> <span class='ocrx_word' id='word_1_133' title='bbox 822 1140 1062 1185; x_wconf 84' lang='lat' dir='ltr'><strong>hominibus,</strong></span> <span class='ocrx_word' id='word_1_134' title='bbox 1080 1142 1202 1190; x_wconf 91' lang='lat' dir='ltr'><strong>ipsius</strong></span> <span class='ocrx_word' id='word_1_135' title='bbox 1222 1138 1388 1176; x_wconf 86' lang='lat' dir='ltr'><strong>Lamiae</strong></span> 
     </span>
     <span class='ocr_line' id='line_1_19' title="bbox 197 1200 1389 1252; baseline -0.001 -14"><span class='ocrx_word' id='word_1_136' title='bbox 197 1214 318 1238; x_wconf 90' lang='lat' dir='ltr'><strong>causa</strong></span> <span class='ocrx_word' id='word_1_137' title='bbox 342 1202 522 1239; x_wconf 88' lang='lat' dir='ltr'><strong>studiose</strong></span> <span class='ocrx_word' id='word_1_138' title='bbox 547 1204 682 1239; x_wconf 90' lang='lat' dir='ltr'><strong>omnia</strong></span> <span class='ocrx_word' id='word_1_139' title='bbox 705 1200 885 1239; x_wconf 87' lang='lat' dir='ltr'><strong>facturus</strong></span> <span class='ocrx_word' id='word_1_140' title='bbox 909 1204 990 1247; x_wconf 83' lang='lat' dir='ltr'><strong>sis3</strong></span> <span class='ocrx_word' id='word_1_141' title='bbox 1029 1214 1275 1252; x_wconf 90' lang='lat' dir='ltr'><strong>quamquam</strong></span> <span class='ocrx_word' id='word_1_142' title='bbox 1300 1204 1389 1237; x_wconf 91' lang='lat' dir='ltr'><strong>erat</strong></span> 
     </span>
     <span class='ocr_line' id='line_1_20' title="bbox 198 1261 1388 1308; baseline 0 -9"><span class='ocrx_word' id='word_1_143' title='bbox 198 1263 312 1300; x_wconf 89' lang='lat' dir='ltr'><strong>nobis</strong></span> <span class='ocrx_word' id='word_1_144' title='bbox 336 1263 503 1308; x_wconf 90' lang='lat' dir='ltr'><strong>dictum,</strong></span> <span class='ocrx_word' id='word_1_145' title='bbox 527 1269 570 1301; x_wconf 93' lang='lat' dir='ltr'><strong>te</strong></span> <span class='ocrx_word' id='word_1_146' title='bbox 596 1266 841 1308; x_wconf 86' lang='lat' dir='ltr'><strong>existimare,</strong></span> <span class='ocrx_word' id='word_1_147' title='bbox 865 1263 982 1300; x_wconf 89' lang='lat' dir='ltr'><strong>alicui</strong></span> <span class='ocrx_word' id='word_1_148' title='bbox 1005 1268 1170 1301; x_wconf 87' lang='lat' dir='ltr'><strong>senatus</strong></span> <span class='ocrx_word' id='word_1_149' title='bbox 1193 1261 1388 1306; x_wconf 80' lang='lat' dir='ltr'><strong>consulto,</strong></span> 
     </span>
     <span class='ocr_line' id='line_1_21' title="bbox 199 1323 1388 1376; baseline -0.002 -14"><span class='ocrx_word' id='word_1_150' title='bbox 199 1325 308 1374; x_wconf 94' lang='lat' dir='ltr'><strong>quod</strong></span> <span class='ocrx_word' id='word_1_151' title='bbox 356 1330 496 1362; x_wconf 90' lang='lat' dir='ltr'><strong>contra</strong></span> <span class='ocrx_word' id='word_1_152' title='bbox 544 1325 788 1376; x_wconf 89' lang='lat' dir='ltr'><strong>dignitatem</strong></span> <span class='ocrx_word' id='word_1_153' title='bbox 837 1330 951 1362; x_wconf 86' lang='lat' dir='ltr'><strong>tuam</strong></span> <span class='ocrx_word' id='word_1_154' title='bbox 1000 1324 1130 1369; x_wconf 86' lang='lat' dir='ltr'><strong>fieret,</strong></span> <span class='ocrx_word' id='word_1_155' title='bbox 1179 1323 1388 1361; x_wconf 90' lang='lat' dir='ltr'><strong>scribendo</strong></span> 
     </span>
     <span class='ocr_line' id='line_1_22' title="bbox 199 1384 1388 1436; baseline -0.001 -14"><span class='ocrx_word' id='word_1_156' title='bbox 199 1385 383 1423; x_wconf 88' lang='lat' dir='ltr'><strong>Lamiam</strong></span> <span class='ocrx_word' id='word_1_157' title='bbox 413 1385 602 1431; x_wconf 88' lang='lat' dir='ltr'><strong>adfuisse,</strong></span> <span class='ocrx_word' id='word_1_158' title='bbox 631 1389 699 1436; x_wconf 93' lang='lat' dir='ltr'><strong>qui</strong></span> <span class='ocrx_word' id='word_1_159' title='bbox 727 1389 890 1424; x_wconf 91' lang='lat' dir='ltr'><strong>omnino</strong></span> <span class='ocrx_word' id='word_1_160' title='bbox 917 1385 1143 1423; x_wconf 89' lang='lat' dir='ltr'><strong>consulibus</strong></span> <span class='ocrx_word' id='word_1_161' title='bbox 1171 1384 1246 1422; x_wconf 88' lang='lat' dir='ltr'><strong>illis</strong></span> <span class='ocrx_word' id='word_1_162' title='bbox 1274 1397 1388 1421; x_wconf 92' lang='lat' dir='ltr'><strong>num-</strong></span> 
     </span>
     <span class='ocr_line' id='line_1_23' title="bbox 199 1444 1388 1498; baseline -0.002 -14"><span class='ocrx_word' id='word_1_163' title='bbox 199 1460 321 1498; x_wconf 88' lang='lat' dir='ltr'><strong>quam</strong></span> <span class='ocrx_word' id='word_1_164' title='bbox 346 1446 424 1485; x_wconf 90' lang='lat' dir='ltr'><strong>fuit</strong></span> <span class='ocrx_word' id='word_1_165' title='bbox 449 1448 501 1485; x_wconf 91' lang='lat' dir='ltr'><strong>ad</strong></span> <span class='ocrx_word' id='word_1_166' title='bbox 524 1448 808 1492; x_wconf 83' lang='lat' dir='ltr'><strong>scribendum3</strong></span> <span class='ocrx_word' id='word_1_167' title='bbox 847 1448 994 1486; x_wconf 86' lang='lat' dir='ltr'><strong>deinde</strong></span> <span class='ocrx_word' id='word_1_168' title='bbox 1018 1449 1153 1485; x_wconf 88' lang='lat' dir='ltr'><strong>omnia</strong></span> <span class='ocrx_word' id='word_1_169' title='bbox 1176 1451 1264 1484; x_wconf 88' lang='lat' dir='ltr'><strong>tum</strong></span> <span class='ocrx_word' id='word_1_170' title='bbox 1287 1444 1388 1483; x_wconf 84' lang='lat' dir='ltr'><strong>falsa</strong></span> 
     </span>
     <span class='ocr_line' id='line_1_24' title="bbox 199 1506 1387 1547; baseline -0.003 -1"><span class='ocrx_word' id='word_1_171' title='bbox 199 1514 363 1546; x_wconf 85' lang='lat' dir='ltr'><strong>senatus</strong></span> <span class='ocrx_word' id='word_1_172' title='bbox 387 1508 569 1546; x_wconf 82' lang='lat' dir='ltr'><strong>consulta</strong></span> <span class='ocrx_word' id='word_1_173' title='bbox 593 1508 894 1547; x_wconf 87' lang='lat' dir='ltr'><strong>deferebantur.</strong></span> <span class='ocrx_word' id='word_1_174' title='bbox 949 1509 1033 1547; x_wconf 93' lang='lat' dir='ltr'><strong>Nisi</strong></span> <span class='ocrx_word' id='word_1_175' title='bbox 1056 1507 1161 1546; x_wconf 85' lang='lat' dir='ltr'><strong>forte</strong></span> <span class='ocrx_word' id='word_1_176' title='bbox 1186 1510 1310 1546; x_wconf 89' lang='lat' dir='ltr'><strong>etiam</strong></span> <span class='ocrx_word' id='word_1_177' title='bbox 1332 1506 1387 1544; x_wconf 91' lang='lat' dir='ltr'><strong>illi</strong></span> 
     </span>
     <span class='ocr_line' id='line_1_25' title="bbox 199 1568 1448 1626; baseline -0.002 -18"><span class='ocrx_word' id='word_1_178' title='bbox 199 1570 487 1621; x_wconf 87' lang='lat' dir='ltr'><strong>Semproniano</strong></span> <span class='ocrx_word' id='word_1_179' title='bbox 520 1576 683 1608; x_wconf 84' lang='lat' dir='ltr'><strong>senatus</strong></span> <span class='ocrx_word' id='word_1_180' title='bbox 715 1570 897 1608; x_wconf 88' lang='lat' dir='ltr'><strong>consulto</strong></span> <span class='ocrx_word' id='word_1_181' title='bbox 929 1584 995 1608; x_wconf 93' lang='lat' dir='ltr'><strong>me</strong></span> <span class='ocrx_word' id='word_1_182' title='bbox 1027 1583 1166 1608; x_wconf 89' lang='lat' dir='ltr'><strong>censes</strong></span> <span class='ocrx_word' id='word_1_183' title='bbox 1198 1568 1386 1613; x_wconf 86' lang='lat' dir='ltr'><strong>adfuisse,</strong></span> <span class='ocrx_word' id='word_1_184' title='bbox 1446 1623 1448 1626; x_wconf 10' lang='grc' dir='ltr'><em>Α</em></span> 
     </span>
    </p>
   </div>
   <div class='ocr_carea' id='block_1_3' title="bbox 201 1753 1448 1968">
    <p class='ocr_par' dir='ltr' id='par_1_3' title="bbox 249 1753 1448 1787">
     <span class='ocr_line' id='line_1_26' title="bbox 249 1753 1448 1787; baseline -0.003 0"><span class='ocrx_word' id='word_1_185' title='bbox 249 1758 264 1774; x_wconf 78' lang='lat'><strong>⁰</strong></span> <span class='ocrx_word' id='word_1_186' title='bbox 287 1753 354 1787; x_wconf 89' lang='lat' dir='ltr'><strong>See</strong></span> <span class='ocrx_word' id='word_1_187' title='bbox 372 1757 454 1786; x_wconf 87' lang='lat' dir='ltr'><strong>note</strong></span> <span class='ocrx_word' id='word_1_188' title='bbox 470 1764 516 1786; x_wconf 91' lang='lat' dir='ltr'><strong>on</strong></span> <span class='ocrx_word' id='word_1_189' title='bbox 532 1754 579 1785; x_wconf 89' lang='lat' dir='ltr'><strong>xi.</strong></span> <span class='ocrx_word' id='word_1_190' title='bbox 601 1755 653 1785; x_wconf 89' lang='lat'><strong>16.</strong></span> <span class='ocrx_word' id='word_1_191' title='bbox 670 1755 703 1784; x_wconf 74' lang='lat'><strong>2.</strong></span> <span class='ocrx_word' id='word_1_192' title='bbox 1445 1764 1448 1774; x_wconf 65' lang='lat'><em>⁶</em></span> 
     </span>
    </p>

    <p class='ocr_par' dir='ltr' id='par_1_4' title="bbox 201 1791 1448 1968">
     <span class='ocr_line' id='line_1_27' title="bbox 248 1791 1448 1839; baseline 0 -10"><span class='ocrx_word' id='word_1_193' title='bbox 248 1797 261 1817; x_wconf 70' lang='lat'><strong>¹&gt;</strong></span> <span class='ocrx_word' id='word_1_194' title='bbox 288 1796 449 1838; x_wconf 92' lang='lat' dir='ltr'><strong>Possibly</strong></span> <span class='ocrx_word' id='word_1_195' title='bbox 486 1797 565 1829; x_wconf 82' lang='lat' dir='ltr'><strong>that</strong></span> <span class='ocrx_word' id='word_1_196' title='bbox 600 1794 808 1828; x_wconf 85' lang='lat' dir='ltr'><strong>Cornificius</strong></span> <span class='ocrx_word' id='word_1_197' title='bbox 844 1795 972 1828; x_wconf 90' lang='lat' dir='ltr'><strong>should</strong></span> <span class='ocrx_word' id='word_1_198' title='bbox 1008 1796 1053 1829; x_wconf 88' lang='lat' dir='ltr'><strong>be</strong></span> <span class='ocrx_word' id='word_1_199' title='bbox 1088 1795 1302 1838; x_wconf 84' lang='lat' dir='ltr'><strong>superseded</strong></span> <span class='ocrx_word' id='word_1_200' title='bbox 1337 1796 1386 1839; x_wconf 89' lang='lat' dir='ltr'><strong>by</strong></span> <span class='ocrx_word' id='word_1_201' title='bbox 1440 1791 1448 1816; x_wconf 45' lang='grc' dir='ltr'><strong><em>Ὗ</em></strong></span> 
     </span>
     <span class='ocr_line' id='line_1_28' title="bbox 201 1822 1448 1881; baseline 0 -9"><span class='ocrx_word' id='word_1_202' title='bbox 201 1838 386 1872; x_wconf 84' lang='lat' dir='ltr'><strong>Calvisius.</strong></span> <span class='ocrx_word' id='word_1_203' title='bbox 435 1838 642 1872; x_wconf 83' lang='lat' dir='ltr'><strong>Cornificius</strong></span> <span class='ocrx_word' id='word_1_204' title='bbox 670 1838 742 1870; x_wconf 92' lang='lat' dir='ltr'><strong>had</strong></span> <span class='ocrx_word' id='word_1_205' title='bbox 769 1839 997 1881; x_wconf 87' lang='lat' dir='ltr'><strong>presumably</strong></span> <span class='ocrx_word' id='word_1_206' title='bbox 1024 1839 1174 1872; x_wconf 80' lang='lat' dir='ltr'><strong>accused</strong></span> <span class='ocrx_word' id='word_1_207' title='bbox 1202 1839 1324 1872; x_wconf 81' lang='lat' dir='ltr'><strong>Cicero</strong></span> <span class='ocrx_word' id='word_1_208' title='bbox 1350 1839 1391 1872; x_wconf 86' lang='lat' dir='ltr'><strong>of</strong></span> <span class='ocrx_word' id='word_1_209' title='bbox 1440 1822 1448 1866; x_wconf 75' lang='lat' dir='ltr'><strong>l</strong></span> 
     </span>
     <span class='ocr_line' id='line_1_29' title="bbox 201 1881 1387 1932; baseline 0.001 -18"><span class='ocrx_word' id='word_1_210' title='bbox 201 1882 335 1932; x_wconf 74' lang='lat' dir='ltr'><strong>having</strong></span> <span class='ocrx_word' id='word_1_211' title='bbox 349 1883 439 1915; x_wconf 90' lang='lat' dir='ltr'><strong>been</strong></span> <span class='ocrx_word' id='word_1_212' title='bbox 454 1885 595 1925; x_wconf 87' lang='lat' dir='ltr'><strong>present</strong></span> <span class='ocrx_word' id='word_1_213' title='bbox 610 1881 712 1914; x_wconf 89' lang='lat' dir='ltr'><strong>when</strong></span> <span class='ocrx_word' id='word_1_214' title='bbox 727 1881 771 1914; x_wconf 90' lang='lat' dir='ltr'><strong>he</strong></span> <span class='ocrx_word' id='word_1_215' title='bbox 789 1892 861 1914; x_wconf 88' lang='lat' dir='ltr'><strong>was</strong></span> <span class='ocrx_word' id='word_1_216' title='bbox 880 1886 953 1915; x_wconf 88' lang='lat' dir='ltr'><strong>not.</strong></span> <span class='ocrx_word' id='word_1_217' title='bbox 1002 1882 1072 1916; x_wconf 86' lang='lat' dir='ltr'><strong>But</strong></span> <span class='ocrx_word' id='word_1_218' title='bbox 1094 1881 1143 1916; x_wconf 85' lang='lat' dir='ltr'><strong>all</strong></span> <span class='ocrx_word' id='word_1_219' title='bbox 1164 1882 1234 1916; x_wconf 87' lang='lat' dir='ltr'><strong>this</strong></span> <span class='ocrx_word' id='word_1_220' title='bbox 1249 1884 1278 1915; x_wconf 89' lang='lat' dir='ltr'><strong>is</strong></span> <span class='ocrx_word' id='word_1_221' title='bbox 1293 1892 1387 1916; x_wconf 87' lang='lat' dir='ltr'><strong>mere</strong></span> 
     </span>
     <span class='ocr_line' id='line_1_30' title="bbox 201 1930 411 1968; baseline 0.005 -10"><span class='ocrx_word' id='word_1_222' title='bbox 201 1930 411 1968; x_wconf 73' lang='lat' dir='ltr'><strong>conjecture.</strong></span> 
     </span>
    </p>
   </div>
   <div class='ocr_carea' id='block_1_4' title="bbox 205 1975 282 2015">
    <p class='ocr_par' dir='ltr' id='par_1_5' title="bbox 205 1975 282 2015">
     <span class='ocr_line' id='line_1_31' title="bbox 205 1975 282 2015; baseline 0 0"><span class='ocrx_word' id='word_1_223' title='bbox 205 1975 282 2015; x_wconf 82' lang='lat'><strong>614</strong></span> 
     </span>
    </p>
   </div>
  </div>
 </body>
</html>
