1448 2236
668 52 870 92 CICERO

173 155 298 206 diligi,
312 157 406 206 quia
420 160 463 194 et
475 160 614 194 nostra
626 155 791 195 fortuna
804 170 854 195 ea
867 163 930 196 est
944 163 988 196 et
999 157 1170 204 illorum,
1182 164 1230 198 ut
1241 162 1362 197 simu·
1430 171 1431 174 ’

134 231 155 263 3
172 226 281 264 landi
314 239 434 264 causa
466 240 547 264 non
579 229 644 265 sit.
699 227 764 266 De
796 227 863 266 illo
899 234 1051 274 autem,
1082 242 1204 280 quem
1235 242 1361 280 penes

173 302 236 335 est
260 299 387 334 omnis
411 302 607 347 potestas,
632 298 731 335 nihil
756 298 887 344 video,
914 299 1023 350 quod
1048 302 1246 346 timeam3
1285 301 1361 338 nisi

172 367 281 418 quod
301 370 435 406 omnia
455 373 550 406 sunt
571 370 740 415 incerta,
761 382 853 407 cum
875 382 899 407 a
919 372 1005 408 iure
1027 370 1248 409 discessum
1270 376 1360 416 est3

172 452 247 476 nec
275 441 473 489 praestari
502 439 724 490 quidquam
752 445 904 490 potest,
934 440 1053 492 quale
1082 440 1266 480 futurum
1293 444 1360 487 sit,

173 510 281 561 quod
296 512 473 560 positum
492 516 554 548 est
570 513 612 548 in
630 510 795 549 alterius
812 511 1037 558 voluntate,
1054 525 1107 551 ne
1124 512 1256 551 dicam
1272 512 1360 550 libi-

172 581 279 620 dine.
332 580 415 619 Sed
436 586 577 619 tamen
601 584 685 619 eius
707 584 830 632 ipsius
854 582 963 620 nulla
984 596 1030 621 re
1051 596 1077 621 a
1097 596 1165 621 me
1188 582 1360 622 offensus

175 658 237 690 est
258 654 427 690 animus.
480 652 556 690 Est
577 655 684 690 enim
705 653 887 691 adhibita
904 655 947 691 in
967 667 1017 692 ea
1034 667 1078 692 re
1097 656 1185 705 ipsa
1203 667 1361 692 summa

173 737 197 762 a
223 724 338 761 nobis
365 723 604 762 moderatio.
659 723 719 762 Ut
747 726 856 762 enim
884 712 979 762 olim
1006 725 1244 771 arbitrabar,
1274 738 1361 763 esse
1428 748 1430 750 -

172 808 308 832 meum
324 794 451 832 libere
467 794 589 845 loqui,
607 797 719 832 cuius
736 808 861 845 opera
878 800 987 833 esset
1003 797 1045 833 in
1061 798 1227 834 civitate
1242 796 1361 834 liber-

172 871 249 911 tas,
265 868 333 911 sic,
350 879 400 903 ea
414 878 521 903 nunc
537 867 695 910 amissa,
712 865 811 903 nihil
825 865 949 916 loqui,
967 866 1076 916 quod
1092 866 1274 905 offendat
1290 872 1361 905 aut

172 937 274 974 illius
300 941 371 974 aut
396 949 547 982 eorum,
573 939 641 987 qui
666 937 717 974 ab
741 936 807 974 illo
832 936 1068 988 diliguntur,
1093 937 1359 976 voluntatem.

171 1007 361 1059 Effugere
396 1013 535 1045 autem
569 1009 602 1045 si
636 1007 783 1045 vellem
817 1007 1099 1046 nonnullorum
1133 1013 1254 1046 acute
1289 1013 1360 1046 aut

172 1078 306 1117 facete
326 1078 524 1117 dictorum
546 1077 820 1124 offensionem,
842 1077 952 1116 fama
972 1078 1230 1130 ingenimihi
1253 1084 1360 1117 esset

132 1157 154 1188 4
173 1149 381 1188 abicienda
398 1162 407 1194 ;
456 1149 564 1200 quod
597 1151 629 1186 si
663 1162 837 1199 possem,
871 1163 953 1188 non
985 1162 1227 1188 recusarem.
1280 1149 1361 1188 Sed

172 1227 312 1260 tamen
337 1223 422 1271 ipse
449 1220 597 1258 Caesar
623 1219 750 1258 habet
767 1233 942 1270 peracre
968 1220 1188 1266 iudicium;
1231 1226 1288 1266 et,
1313 1226 1360 1258 ut

172 1292 344 1337 Servius,
367 1290 493 1329 frater
514 1296 622 1336 tuus,
646 1303 767 1341 quem
789 1290 1129 1329 litteratissimum
1152 1289 1276 1329 fuisse
1299 1293 1358 1329 iu-

173 1363 274 1409 dico,
299 1361 416 1400 facile
441 1362 609 1407 diceret,
635 1361 694 1400 hic
717 1374 844 1399 versus
868 1361 996 1399 Plauti
1019 1374 1092 1399 non
1117 1366 1184 1407 est,
1209 1361 1269 1400 hic
1292 1366 1358 1407 est,

173 1434 282 1486 quod
303 1436 418 1471 tritas
443 1446 558 1471 aures
581 1432 753 1470 haberet
775 1432 962 1470 notandis
984 1433 1200 1484 generibus
1219 1438 1359 1483 poeta-

171 1519 261 1544 rum
292 1510 335 1543 et
363 1503 655 1542 consuetudine
692 1503 868 1554 legendi,
898 1505 953 1541 sic
983 1503 1102 1541 audio
1132 1502 1359 1549 Caesarem,

173 1590 264 1615 cum
286 1575 488 1614 volumina
509 1577 590 1612 iam
613 1573 832 1612 confecerit
855 1571 1175 1623 ἀποφθεγμάτων,
1197 1575 1230 1611 si
1251 1573 1360 1624 quod

174 1647 363 1686 afferatur
378 1645 431 1684 ad
445 1659 539 1684 eum
551 1658 624 1696 pro
638 1658 744 1690 meo,
760 1645 868 1695 quod
881 1658 1018 1682 meum
1033 1657 1114 1682 non
1128 1646 1194 1690 sit,
1207 1646 1358 1682 reicere

174 1718 301 1757 solere
318 1730 328 1763 ;
358 1716 467 1769 quod
483 1730 530 1754 eo
545 1729 651 1754 nunc
666 1718 794 1766 magis
810 1715 921 1760 facit,
937 1717 1031 1766 quia
1045 1717 1185 1753 vivunt
1199 1728 1358 1753 mecum

222 1855 237 1870 ⁰
260 1850 345 1882 This
366 1859 437 1882 was
460 1848 602 1881 Servius
625 1846 806 1884 Claudius,
829 1856 876 1878 on
897 1845 1016 1878 whose
1038 1844 1144 1877 death
1166 1845 1202 1877 in
1225 1846 1269 1877 60
1291 1855 1354 1877 B.c.
1427 1856 1429 1858 ·

177 1894 305 1926 Paetus
334 1903 424 1935 gave
446 1891 569 1924 Cicero
598 1891 652 1923 his
680 1890 824 1931 libi-ary.
871 1888 1062 1922 Suetonius
1087 1887 1295 1930 (Grammat.
1319 1890 1358 1932 3)
1427 1907 1430 1910 »

173 1936 304 1979 speaks
320 1935 445 1979 highly
461 1934 501 1967 of
513 1935 568 1967 his
583 1933 756 1976 learning.

178 1994 256 2027 240
