1448 2236
689 31 890 71 CICERO

708 152 866 190 XXVII

476 259 523 286 M.
541 260 578 286 T.
598 261 633 285 C.
652 260 684 286 S.
703 261 741 286 P.
760 260 800 286 D.
819 261 856 290 Q.
875 261 1101 286 CORNIFICIO

606 326 753 365 Romae,
772 337 877 359 A.u.c.
895 329 974 359 711.

246 393 340 432 Sex.
369 393 553 432 Aufidius
574 400 618 432 et
637 395 906 439 observantia,
920 407 1002 445 qua
1018 407 1086 432 me
1104 393 1213 440 colit,
1229 393 1385 431 accedit

195 447 247 485 ad
280 449 497 497 proximos,
531 453 575 485 et
607 447 820 498 splendore
854 450 1000 498 equitis
1034 448 1204 485 Romani
1235 449 1386 485 nemini

194 501 318 539 cedit.
371 501 447 539 Est
498 507 637 539 autem
686 504 747 539 ita
796 504 1035 552 temperatis
1085 501 1385 551 moderatisque

194 555 386 600 moribus,
403 560 450 593 ut
467 568 624 593 summa
640 557 834 593 severitas
851 568 1009 593 summa
1024 568 1116 592 eum
1133 554 1386 592 humanitate

194 610 399 659 iungatur.
453 607 575 646 Cuius
603 609 678 646 tibi
706 611 886 660 negotia,
914 621 1019 659 quae
1046 613 1142 646 sunt
1167 610 1211 645 in
1237 606 1387 651 Africa,

195 664 254 699 ita
279 662 533 707 commendo,
560 667 607 700 ut
632 664 784 700 maiore
811 662 946 700 studio
970 664 1150 713 magisve
1177 674 1229 699 ex
1255 662 1388 699 animo

195 715 480 753 commendare
510 728 591 753 non
619 718 782 766 possim.
837 715 1077 767 Pergratum
1105 714 1204 752 mihi
1231 712 1388 758 feceris,

195 771 227 805 si
260 769 420 806 dederis
452 781 631 819 operam,
663 775 710 807 ut
740 771 773 807 is
804 769 1032 820 intellegat,
1063 781 1175 806 meas
1207 767 1314 818 apud
1344 772 1388 804 te

195 821 361 860 litteras
383 825 605 859 maximum
635 822 792 872 pondus
823 822 1025 860 habuisse.
1078 821 1166 858 Hoc
1196 826 1239 858 te
1269 819 1389 858 vehe-

196 881 370 920 menter,
389 878 444 912 mi
465 875 663 921 Cornifiei,
682 889 794 927 rogo.

705 1035 885 1073 XXVIII

482 1143 529 1170 M.
548 1143 586 1169 T.
605 1144 639 1168 C.
659 1143 690 1171 S.
710 1143 748 1170 P.
767 1143 808 1170 D.
826 1143 863 1173 Q.
882 1142 1109 1168 CORNIFICIO

200 1335 290 1371 istic
312 1345 464 1383 poenas
488 1332 584 1369 dare
609 1331 820 1375 debuisse3
857 1330 929 1368 sed
957 1332 1152 1374 metuisti,
1175 1335 1223 1367 ut
1245 1332 1316 1373 ais,
1338 1341 1390 1365 ne

201 1389 318 1423 nimis
343 1385 446 1423 liber
470 1388 511 1422 in
538 1385 765 1422 ulciscendo
791 1384 987 1422 viderere.
1041 1383 1229 1420 Metuisti
1253 1384 1391 1433 igitur,

201 1453 253 1477 ne
280 1442 412 1490 gravis
439 1441 548 1482 civis,
576 1451 628 1475 ne
655 1440 772 1475 nimis
799 1436 927 1482 fortis,
955 1449 1006 1474 ne
1033 1439 1150 1474 nimis
1177 1442 1220 1474 te
1247 1436 1391 1486 dignus

163 1498 183 1530 2
202 1493 397 1532 viderere.
452 1491 572 1538 Quod
585 1494 823 1529 societatem
837 1490 1081 1540 reipublicae
1094 1489 1389 1527 conservandae

251 1575 266 1591 ⁰
291 1569 372 1604 One
391 1568 431 1602 of
445 1569 506 1602 the
523 1568 615 1601 heirs
634 1568 674 1601 of
689 1568 828 1607 Turius,
849 1566 1051 1601 mentioned
1070 1568 1107 1600 in
1125 1566 1185 1600 the
1202 1564 1392 1608 preceding

206 1613 418 1689 lettel{Inder
436 1655 496 1688 the
514 1656 646 1696 empire
664 1653 812 1695 knights
830 1653 910 1686 who
927 1652 1110 1695 possessed
1128 1652 1188 1685 the
1205 1649 1392 1684 senatorial

205 1710 343 1738 census,
359 1699 426 1732 but
444 1698 550 1731 chose
569 1701 606 1730 to
626 1699 759 1730 remain
777 1696 899 1729 within
919 1696 979 1728 the
998 1697 1199 1737 equestrian
1214 1694 1306 1727 rank
1323 1693 1391 1736 (as,

206 1754 283 1784 e.9.‚
315 1742 506 1793 Maecenas
536 1740 625 1782 did),
648 1751 738 1773 were
768 1738 912 1772 entitled
943 1738 1111 1777 illustres,
1138 1739 1323 1781 primores,
1350 1747 1391 1769 or

206 1786 435 1861 Spaeygiewiqtgin
446 1783 680 1860 'gisellclgnaries
692 1825 733 1859 of
742 1825 889 1866 Antony
902 1835 1035 1867 appear
1047 1827 1084 1857 to
1096 1823 1186 1856 have
1198 1820 1390 1864 attempted

208 1872 267 1904 the
290 1873 423 1904 seizure
446 1870 485 1903 of
506 1869 718 1911 Lilybaeum
741 1869 778 1901 in
801 1868 935 1909 Sicily;
971 1868 1069 1900 these
1092 1866 1298 1900 Cornificius
1320 1863 1388 1898 had

207 1914 390 1956 captured,
406 1914 472 1946 but
488 1912 673 1946 dismissed
690 1911 925 1954 unpunished.

1442 1121 1448 1144 ι

615 1210 762 1247 Romae,
779 1220 886 1242 A.u.c.
905 1211 982 1242 711.
1442 1201 1448 1214 ¹

162 1286 180 1320 1
252 1279 463 1317 Assentior
490 1279 579 1323 tibi,
609 1290 690 1322 eos,
719 1290 818 1328 quos
847 1277 983 1315 scribis
1012 1276 1207 1327 Lilybaeo
1234 1276 1390 1320 minari,
1434 1228 1448 1872 ¹

212 1964 290 2004 610
1436 1873 1448 2040 Ι
