1448 2236
671 44 873 84 CICERO

179 149 308 187 morbi
327 148 439 193 facit,
460 154 508 186 ut
535 148 761 186 medicinae
791 161 998 199 egeamus,
1017 161 1149 199 eaque
1171 161 1278 187 nunc
1297 161 1366 199 ap-

177 208 343 254 pareat;
371 205 482 240 cuius
503 204 582 240 vim
603 215 684 239 non
703 203 993 247 sentiebamus,
1007 207 1100 240 cum
1119 201 1366 250 valebamus„

177 256 259 295 Sed
273 255 371 307 quid
390 269 466 306 ego
481 269 587 293 nunc
601 255 702 293 haec
717 256 770 294 ad
785 262 843 301 te,
858 259 970 295 cuius
986 256 1097 295 domi
1111 261 1331 294 nascuntur
1348 257 1363 294 ?

176 309 313 362 γλαῦκ’
336 309 386 349 εἰς
403 308 580 358 Ἀθήνας.
634 309 743 348 Ν11111
768 310 933 355 scilicet,
955 312 1031 348 nisi
1057 315 1104 348 ut
1130 310 1367 348 rescriberes

178 363 342 415 aliquid,
361 376 427 401 me
449 369 719 414 exspectares
773 363 837 403 Sic
855 366 978 416 igitur
994 363 1131 403 facies.

742 516 800 554 IV

602 625 741 650 CICERO
767 625 945 651 VARRONI

528 707 570 741 In
585 707 798 747 Tusculano,
815 718 921 741 A.u.c.
940 709 1018 742 708.

230 784 328 836 Περὶ
346 784 511 823 δυνατῶν
529 798 597 824 me
615 788 716 824 scito
735 785 832 822 κατὰ
850 784 1038 834 Διόδωρον
1058 782 1211 834 κρίνειν.
1260 784 1367 832 Qua·

179 846 360 892 propter,
380 842 414 878 si
433 845 627 878 venturus
649 853 706 885 es,
726 841 826 878 scito
846 852 1012 878 necesse
1033 852 1120 877 esse
1140 844 1184 879 te
1203 841 1366 879 venire·
1357 866 1368 884 ‚

179 897 242 933 sin
256 900 396 932 autem
410 908 491 932 11011
506 907 563 939 es,
577 891 778 930 οἷδύνοιτον1
794 899 856 931 est
871 898 915 931 te
928 895 1078 931 venire
1132 892 1169 930 Ν
1172 906 1249 930 unc
1262 892 1368 937 vide,

179 954 272 987 utra
285 954 329 986 te
349 946 474 996 κρίσις
492 949 621 998 magis
636 947 830 992 delectet,
845 945 1105 996 Χρυσιππεία-
1106 960 1173 992 ne,
1188 959 1240 984 an
1253 946 1368 991 haec,

180 1015 303 1054 quam
322 1007 460 1040 noster
478 1001 679 1039 Diodotus
697 1015 779 1039 non
795 1001 1086 1052 concoquebat.
1139 999 1222 1038 Sed
1237 999 1290 1038 de
1307 999 1368 1037 his

182 1059 307 1094 etiam
344 1056 479 1100 rebus,
518 1057 635 1094 otiosi
673 1068 765 1093 cum
805 1057 966 1100 erimus,
1003 1054 1242 1105 loquemur,
1294 1052 1369 1091 hoc

181 1112 305 1148 etiam
322 1111 418 1146 κατὰ
436 1107 668 1158 Χρύσιππον
684 1107 842 1145 δυνατόν
859 1114 934 1147 est.
982 1108 1048 1146 De
1069 1105 1254 1146 Cocceio²
1271 1106 1369 1144 mihi

180 1169 344 1215 gratum
372 1168 462 1207 est3
503 1176 598 1200 nam
623 1162 666 1200 id
693 1165 817 1200 etiam
842 1162 982 1201 Attico
1007 1154 1256 1200 mandaram.
1307 1160 1370 1198 Tu

182 1220 215 1256 si
242 1219 374 1255 minus
403 1217 456 1254 ad
483 1230 570 1262 nos,
599 1229 851 1254 accurremus
880 1216 933 1254 ad
959 1221 1016 1254 te.
1069 1214 1112 1254 Si
1138 1215 1302 1254 hortum
1328 1216 1370 1252 in

181 1270 426 1309 bibliotheca
444 1270 584 1315 habes,
602 1269 734 1308 deerit
751 1269 862 1307 1111111.

226 1337 240 1358 ²
267 1338 415 1380 Tyrrell,
438 1339 522 1372 with
550 1339 748 1380 Wesenberq
770 1339 843 1372 and
869 1338 1090 1372 Cratander·
1121 1341 1184 1372 τῶν
1208 1340 1370 1377 ἀδυνάτων

181 1382 301 1423 vuly..
327 1393 399 1416 non
416 1385 469 1416 est
484 1384 646 1415 ἀδυνάτων
662 1382 714 1416 Μ.

234 1426 247 1445 ²
274 1426 471 1459 Corradus·
498 1425 643 1466 †Coctio
668 1425 817 1469 Tyn-all,
840 1426 913 1460 who
931 1427 1021 1460 adde
1045 1426 1118 1459 that
1142 1426 1195 1459 the
1216 1436 1316 1460 name
1339 1426 1370 1460 is

185 1473 246 1503 not
253 1469 374 1512 found
389 1470 428 1502 in
443 1468 562 1502 Latin.

232 1554 295 1586 ⁰²⁶..
297 1564 339 1591 6.,
356 1553 485 1586 “coals
510 1556 548 1586 to
578 1554 815 1592 New‚”castle
844 1564 884 1587 as
906 1565 959 1588 we
987 1564 1003 1587 s
1085 1553 1146 1587 the
1167 1553 1235 1587 owl
1262 1552 1432 1596 being?

184 1596 356 1630 favoured
375 1599 413 1629 at
433 1596 572 1629 Athens
590 1607 629 1630 as
650 1597 761 1639 being
777 1597 900 1630 sacred
918 1600 955 1630 to
973 1565 1126 1636 Athene,
1140 1596 1202 1630 the
1217 1565 1371 1640 tutelary

184 1639 339 1682 goddess
355 1639 396 1672 of
406 1639 485 1672 that
500 1641 585 1682 city.

237 1681 251 1702 δ
274 1681 464 1720 Diodorus,
490 1693 512 1714 a
536 1682 764 1724 philosopher
789 1682 830 1715 of
854 1683 1016 1725 Megara,
1041 1682 1160 1715 whose
1183 1682 1310 1724 theory
1334 1681 1373 1715 of

186 1725 247 1758 the
262 1725 421 1758 Possible
435 1735 508 1758 was
523 1735 563 1757 as
578 1725 694 1758 stated
710 1726 804 1759 here.
1435 1747 1437 1751 «

237 1767 494 1811 ⁰Chrysippus
528 1768 676 1801 differed
710 1768 803 1801 from
838 1768 1016 1801 Diodorus
1050 1769 1087 1801 in
1121 1767 1280 1810 defining
1312 1768 1373 1801 the

189 1811 347 1844 Possible
367 1822 407 1844 as
429 1811 525 1844 what
545 1812 575 1844 is
596 1811 745 1854 capable
766 1811 807 1844 of
824 1811 934 1854 being
953 1814 1031 1844 true
1052 1811 1083 1844 if
1100 1812 1372 1844 circumstances

187 1854 234 1886 do
251 1857 314 1887 not
328 1857 475 1896 prevent
490 1855 528 1887 it.

235 1897 251 1917 ἆ
276 1897 451 1930 Diodotus
473 1897 603 1939 taught
624 1897 747 1931 Cicero
768 1897 941 1936 dialectic‚
964 1896 1068 1930 and‘
1073 1896 1157 1929 ‘the
1176 1895 1347 1929 friendshi

188 1939 345 1973 between
361 1940 422 1974 the
436 1943 507 1974 two
522 1940 635 1974 lasted
650 1941 742 1974 until
755 1941 816 1974 the
831 1922 941 1974 death
954 1940 995 1974 of
1006 1939 1205 1978 Diodotus,
1229 1949 1314 1972 acco

195 1995 268 2037 194
