1448 2236
694 73 896 114 CICERO

200 181 263 213 est
291 178 332 213 in
360 181 418 222 te,
446 175 655 216 defendas.
709 177 817 216 Scire
845 184 889 217 te
917 179 1020 226 volo,
1048 180 1163 220 firma
1188 183 1388 233 praesidia

200 238 310 275 vobis
348 241 588 289 senatuique
630 253 712 277 non
757 240 913 286 deesse,
951 247 999 280 ut
1044 245 1199 293 optima
1234 257 1307 295 spe
1345 250 1388 283 et

199 301 376 337 maximo
391 302 524 337 animo
536 300 826 351 rempublicam
839 301 1048 341 defendas.
1070 303 1240 355 Reliqua
1251 310 1387 343 tecum

199 366 297 411 aget
313 360 360 399 L.
376 361 574 408 Carteius,
589 361 794 401 familiaris
811 375 947 403 meus:
980 364 1094 404 Vale.
1138 366 1249 405 Data
1262 366 1386 405 Nonis

199 421 375 468 Martiis,
394 435 446 461 ex
465 426 605 463 castris
626 423 842 464 Taricheis.

750 651 836 691 XII

379 767 529 793 CASSIUS
548 768 707 794 PROCOS.
726 768 759 794 S.
778 769 818 795 D.
838 769 884 795 M.
902 769 1086 796 CICERONI
1104 770 1176 797 SUO

500 858 543 891 In
559 860 683 893 castris
699 860 735 892 in
753 858 868 902 Syria,
886 871 992 893 A.u.c.
1010 863 1088 894 711.

161 949 178 981 l
248 943 531 995 S.v.b.e.e.q.v.
566 944 668 995 Legi
681 950 772 982 tuas
783 944 955 991 litteras,
966 948 1009 983 in
1021 946 1165 997 quibus
1177 947 1386 987 mirificum

197 1011 314 1043 tuum
340 1019 437 1057 erga
464 1018 531 1044 me
556 1019 735 1044 amorem
762 1009 989 1058 recognovi.
1041 1007 1250 1047 Videbaris
1279 1013 1386 1048 enim

197 1080 278 1104 non
323 1066 452 1105 solum
497 1065 634 1105 favere
677 1068 790 1106 nobis
835 1068 892 1119 (id
935 1068 1044 1119 quod
1087 1075 1131 1107 et
1175 1073 1300 1109 nostri
1342 1077 1386 1109 et

196 1128 441 1178 reipublicae
464 1141 584 1166 causa
606 1142 766 1179 semper
790 1128 952 1181 fecisti),
976 1130 1049 1168 sed
1073 1133 1198 1169 etiam
1221 1145 1385 1183 gravem

196 1203 333 1228 curam
380 1192 601 1240 suscepisse
647 1190 991 1242 vehementerque
1038 1204 1126 1231 esse
1170 1192 1224 1231 de
1272 1194 1385 1232 nobis

196 1250 401 1289 sollicitus.
473 1251 633 1303 Itaque,
680 1252 789 1302 quod
834 1258 879 1290 te
924 1255 1099 1303 primum
1155 1256 1386 1294 existimare

195 1313 406 1364 putabam,
449 1326 535 1358 nos,
573 1326 764 1363 oppressa
799 1313 1019 1364 republica,
1059 1317 1266 1365 quiescere
1304 1330 1386 1355 non

195 1387 328 1425 posse,
354 1374 515 1419 deinde,
541 1387 634 1412 cum
658 1377 905 1425 suspicarere
935 1388 1006 1414 nos
1034 1375 1177 1422 moliri,
1206 1378 1314 1428 quod
1341 1383 1385 1417 te

196 1435 410 1474 sollicitum
429 1449 516 1474 esse
536 1441 579 1473 et
596 1436 648 1474 de
665 1436 797 1474 salute
815 1442 952 1475 nostra
967 1442 1011 1475 et
1023 1436 1076 1476 de
1087 1450 1223 1476 rerum
1236 1445 1384 1478 eventu

196 1497 407 1547 putabam,
427 1496 544 1534 simul
564 1510 610 1535 ac
631 1497 812 1548 legiones
832 1500 982 1548 accepi,
1002 1511 1102 1549 quas
1127 1498 1179 1537 A.
1204 1499 1384 1540 Allienus

198 1558 397 1597 eduxerat
425 1571 477 1596 ex
505 1558 712 1609 Aegypto,
749 1562 886 1610 scripsi
915 1560 968 1598 ad
994 1565 1038 1598 te
1075 1560 1384 1614 tabellariosque

196 1619 421 1670 complures
447 1618 617 1657 Romam
641 1623 744 1658 misi.
797 1620 941 1670 Scripsi
969 1623 1095 1659 etiam
1121 1621 1174 1659 ad
1198 1628 1384 1661 senatum

196 1680 367 1727 litteras,
392 1693 492 1732 quas
517 1680 632 1719 reddi
657 1683 767 1719 vetui
793 1684 915 1731 prius,
942 1694 1064 1732 quam
1090 1682 1164 1720 tibi
1189 1686 1384 1723 recitatae

248 1828 263 1845 ⁰
287 1824 479 1867 s.v.b.e.e.q
482 1835 566 1858 .v.=
575 1825 605 1857 si
620 1824 726 1864 vales,
743 1824 833 1858 bene
849 1827 924 1862 εεῐς
950 1835 1017 1867 ego
1033 1835 1176 1868 quoque
1191 1825 1302 1860 valeo.

248 1868 260 1888 ⁶
286 1867 353 1901 See
370 1836 490 1910 notes
500 1870 538 1901 to
554 1868 614 1900 the
630 1867 819 1911 preceding
835 1849 946 1901 letter.

248 1911 318 1943 eA
333 1910 499 1953 frequent
540 1912 719 1945 recaution
735 1914 773 1944 to
789 1921 914 1945 ensure
936 1910 996 1944 the
1011 1909 1166 1954 delivery
1186 1911 1227 1944 of
1244 1914 1283 1945 at
1297 1912 1385 1946 least

200 1963 268 1986 one
284 1963 376 1996 copy
393 1953 434 1986 of
446 1954 506 1987 the
535 1957 632 1987 etter.

199 2003 273 2042 546
