1448 2236
672 72 873 113 CICERO

175 189 276 221 sem,
303 175 369 213 vel
396 175 506 227 quod
534 178 738 215 exercitus
766 176 912 228 Lepidi
939 189 1031 216 eam
1056 183 1232 229 partem,
1259 192 1364 231 quae

174 243 364 288 corrupta
385 243 447 276 est
468 242 511 276 et
531 238 583 276 ab
601 238 809 289 republica
828 238 1019 285 alienata,
1039 245 1083 278 et
1101 243 1302 292 corrigere
1321 247 1364 280 et

174 313 361 338 coercere
388 302 622 350 praesentia
649 302 733 338 mei
760 303 961 340 exercitus
989 314 1163 352 possem.
1218 302 1364 354 Itaque

174 364 217 400 in
242 362 367 407 Isara,
392 361 557 400 flumine
581 364 773 408 maximo,
797 363 907 414 quod
929 365 972 401 in
995 363 1141 403 finibus
1166 370 1230 403 est
1253 365 1364 404 Allo-

175 425 360 475 brogum,
382 430 510 475 ponte
533 437 614 462 uno
635 424 704 462 die
726 423 850 470 facto,
873 427 1098 464 exercitum
1122 439 1158 464 a.
1182 426 1223 464 d.
1246 439 1363 478 quar-
1430 460 1432 462 .

174 492 263 524 tum
283 486 379 524 Idus
400 485 532 524 Maias
550 486 727 524 traduxi.
783 486 886 524 Cum
902 500 998 526 vero
1014 487 1113 525 mihi
1131 491 1363 527 nuntiatum

177 554 286 586 esset
306 547 352 586 L.
373 548 598 586 Antonium
617 551 883 599 praemissum
901 562 994 587 cum
1014 550 1218 600 equitibus
1238 556 1283 589 et
1297 564 1363 590 co-

175 610 358 649 hortibus
381 610 434 648 ad
457 610 604 648 Forum
628 610 704 648 Iuli
727 613 912 656 venisse3
949 609 1117 649 fratrem
1138 625 1231 650 cum
1254 613 1364 663 equi-

173 678 263 711 tum
283 677 478 723 quattuor
496 672 686 718 millibus,
701 677 749 711 ut
766 678 996 711 occurreret
1013 675 1065 719 ei,
1082 675 1173 711 misi
1192 687 1229 711 a.
1243 674 1284 712 d.
1300 686 1361 711 111.

176 734 272 772 Idus
299 734 459 779 Maias;
498 736 585 785 ipse
609 736 794 772 maximis
818 735 1030 773 itineribus
1053 748 1146 773 cum
1170 741 1364 787 quattuor

172 796 399 848 legionibus
428 797 629 847 expeditis
659 801 702 834 et
728 796 883 848 reliquo
912 799 1100 848 equitatu
1126 798 1361 849 subsequar.

134 865 156 896 4
173 858 215 897 Si
236 872 308 897 nos
328 858 539 896 mediocris
559 858 680 896 modo
701 856 864 897 fortuna
883 858 1129 910 reipublicae
1150 859 1362 905 adiuverit,

174 926 218 960 et
244 920 437 959 audaciae
462 920 713 970 perditorum
740 926 784 958 et
809 925 972 959 nostrae
997 920 1274 960 sollicitudini&
1298 921 1362 960 hic

173 983 294 1021 finem
319 985 580 1033 reperiemus.
618 981 739 1029 Quod
761 984 794 1020 si
815 982 933 1028 latro,
944 985 1206 1034 praecognito
1225 989 1361 1022 nostro

174 1045 366 1089 adventu,
406 1057 540 1082 rursus
580 1046 622 1081 in
662 1043 823 1082 Italiam
863 1057 907 1082 se
945 1047 1127 1095 recipere
1165 1048 1360 1096 coeperit,

173 1106 288 1144 Bruti
317 1109 394 1144 erit
421 1106 594 1144 officium
622 1119 830 1144 occurrere
859 1108 924 1151 ei;
966 1108 1030 1144 cui
1058 1108 1139 1145 scio
1166 1119 1243 1145 nec
1268 1120 1361 1146 con-

150 1168 304 1207 ·silium
335 1181 411 1206 nec
442 1170 621 1206 animum
650 1166 899 1206 defuturum.
954 1161 1044 1219 Ego
1073 1173 1227 1214 tamen,
1257 1170 1290 1206 si
1318 1169 1361 1207 id

174 1230 379 1274 acciderit,
392 1228 561 1267 fratrem
574 1242 666 1267 cum
681 1232 868 1280 equitatu
881 1231 1058 1275 mittam,
1071 1232 1141 1280 qui
1153 1236 1360 1281 sequatur,

175 1292 336 1330 Italiam
364 1305 388 1329 a
416 1294 642 1329 vastatione
668 1290 879 1330 defendat.
931 1291 1013 1330 Fac
1038 1291 1187 1337 valeas,
1211 1305 1360 1343 meque

174 1360 319 1393 mutuo
336 1353 494 1405 diligas.

720 1498 817 1536 XVI

611 1606 750 1632 CICERO
777 1606 926 1632 PLANCO

586 1680 734 1718 Romae,
751 1690 857 1713 A.u.c.
876 1682 953 1713 711.

137 1764 154 1797 1
226 1758 335 1796 Nihil
369 1763 462 1809 post
496 1756 704 1795 hominum
738 1758 973 1794 memoriam
1008 1755 1229 1807 gloriosius,
1263 1755 1361 1794 nihil

174 1823 344 1872 gratius,
358 1833 410 1857 ne
424 1825 610 1870 tempore
624 1818 788 1869 quidem
802 1820 888 1868 ipso
903 1819 1166 1868 opportunius
1180 1817 1362 1856 accidere

174 1883 270 1926 vidi,
307 1894 429 1932 quam
465 1887 571 1925 tuas,
609 1879 770 1925 Plance,
807 1879 976 1917 litteras.
1029 1878 1231 1916 Redditae
1267 1884 1362 1916 sunt

175 1946 284 1982 enim
305 1942 510 1994 frequenti
531 1947 678 1981 senatu
698 1940 891 1986 Cornuto,
912 1953 1004 1978 cum
1024 1942 1058 1978 is
1078 1938 1243 1991 frigidas
1264 1952 1362 1977 sane

179 2009 258 2043 342
