1448 2236
672 73 873 113 CICERO

178 189 302 227 quam
323 190 375 216 ex
396 178 581 216 omnibus
601 179 722 216 rebus
742 177 928 217 humanis
950 184 1014 218 oet
1032 178 1275 230 praeclarius
1295 184 1368 218 aut

176 244 464 291 praestantius,
515 255 638 293 quam
689 242 742 280 de
791 242 999 294 republica
1048 235 1155 282 bene
1205 246 1366 282 mereri.

137 309 159 341 3
178 305 323 343 Adhuc
370 308 685 356 enim—patitur
728 312 802 345 tua
845 320 1004 345 summa
1047 307 1278 346 humanitas
1323 312 1367 346 et

177 372 391 420 sapientia,
416 384 497 415 me,
522 371 632 421 quod
654 373 843 416 sentiam,
865 371 993 410 libere
1017 370 1367 411 dicere—fortuna

176 433 425 485 suffragante
454 435 601 473 videris
628 449 694 474 res
722 438 918 474 maximas
946 441 1213 482 consecutus3
1257 436 1366 488 quod

177 512 425 550 quamquam
460 502 547 538 sine
583 503 735 539 virtute
770 514 852 539 non
887 503 1101 551 potuisses,
1135 506 1278 540 tamen
1313 514 1365 540 ex

175 566 354 602 maxima
367 569 487 615 parte
503 577 566 610 ea,
583 577 689 615 quae
706 578 749 603 es
766 565 953 616 adeptus,
969 564 1158 604 fortunae
1172 564 1365 616 tempori·

175 628 334 680 busque
377 629 624 667 tribuuntur.
719 629 794 668 His
835 630 1086 681 temporibus
1128 629 1364 669 difficillimis

174 693 435 743 reipublicae,
467 693 665 744 quidquid
695 694 942 740 subveneris,
973 695 1016 733 id
1047 696 1125 733 erit
1154 700 1289 734 totum
1321 699 1365 734 et

175 760 382 808 proprium
419 763 551 796 tuum.
606 758 846 797 Incredibile
886 764 950 798 est
987 761 1167 797 omnium
1204 761 1364 806 civium,

173 821 397 861 latronibus
414 825 610 873 exceptis,
624 823 762 861 odium
774 826 816 861 in
831 823 1055 862 Antonium
1071 835 1082 869 ;
1109 836 1259 875 magna
1271 837 1363 874 spes

174 889 216 924 in
235 892 295 932 te,
317 892 360 925 et
380 889 423 924 in
443 893 516 926 tuo
537 890 720 926 exercitu
739 901 889 939 magna
909 890 1174 939 exspectatio.
1227 887 1363 935 Cuius,

173 964 247 1002 per
274 951 385 996 deos,
413 954 570 1002 gratiae
603 952 838 1003 gloriaeque
864 965 962 990 cave
994 957 1157 1003 tempus
1184 955 1362 992 amittas.

174 1014 238 1053 Sic
256 1028 416 1061 moneo,
435 1007 482 1054 ut
501 1015 628 1054 filium
646 1029 656 1062 ;
689 1019 745 1054 sic
763 1015 897 1063 faveo,
915 1022 962 1056 ut
979 1016 1078 1054 mihi
1094 1029 1106 1063 ς
1138 1019 1194 1055 sic
1211 1016 1364 1064 hortor,

174 1084 222 1118 ut
240 1085 283 1118 et
299 1093 373 1130 pro
391 1082 526 1131 patria
544 1086 587 1120 et
605 1083 903 1121 amicissimum.

739 1262 796 1300 VI

607 1382 748 1407 CICERO
775 1381 924 1408 PLANCO

588 1464 735 1503 Romae,
752 1476 858 1498 A.U;c.
876 1467 896 1498 ⁷
901 1467 953 1498 11.

137 1554 154 1588 1
225 1549 342 1597 Quae
369 1550 526 1588 locutus
552 1556 614 1588 est
639 1550 807 1588 Furnius
831 1555 969 1588 noster
991 1550 1044 1588 de
1067 1553 1200 1590 animo
1222 1557 1295 1590 tuo
1316 1552 1359 1589 in

170 1614 476 1665 rempublicam,
494 1628 544 1652 ea
565 1617 794 1665 gratissima
817 1613 982 1653 fuerunt
1004 1617 1178 1660 senatui,
1193 1615 1360 1666 populo-

170 1692 251 1729 que
282 1678 464 1717 Romano
494 1679 806 1729 probatissima3
845 1692 950 1729 quae
987 1684 1126 1718 autem
1161 1682 1359 1718 recitatae
1399 1727 1402 1730 ἢ
1447 1712 1448 1733 ἶ

167 1743 334 1781 litterae
359 1748 454 1781 sunt
477 1745 520 1780 in
545 1748 705 1788 senatu,
730 1755 988 1793 nequaquam
1013 1745 1240 1781 consentire
1265 1756 1357 1781 cum
1447 1736 1448 1748 ¹

169 1807 292 1844 Furni
316 1809 500 1845 oratione
524 1809 633 1844 visae
657 1812 765 1845 sunt.
819 1805 933 1844 Pacis
958 1809 1065 1845 enim
1091 1813 1230 1845 auctor
1254 1821 1357 1853 eras,

581 1955 599 1972 ⁸
621 1950 688 1985 See
704 1954 786 1984 note
802 1954 839 1984 to
854 1962 888 1984 x.
903 1954 938 1985 3.
958 1954 989 1986 1.

171 2003 249 2042 306
