1448 2236
645 56 846 95 CICERO

150 162 262 208 mihi,
278 168 321 201 et
335 162 432 200 alias
448 161 658 200 Africanas
673 161 816 200 decem
830 161 1009 206 donavit,
1023 173 1076 199 ne
1090 165 1211 211 putes
1229 158 1340 197 illum

151 229 314 261 tantum
332 222 500 273 praedia
518 224 669 260 rustica
687 221 785 260 dare
805 223 919 259 scire.
970 221 1046 266 Tu,
1066 222 1100 259 si
1118 219 1238 258 modo
1257 230 1341 256 me-

151 285 278 320 moria
302 284 497 328 tenueris,
524 286 567 320 et
593 281 805 333 Cibyratas
830 282 1069 326 arcessieris,
1093 281 1276 330 itemque
1300 280 1343 315 in

153 341 434 394 Pamphyliam
467 341 625 379 litteras
660 343 814 379 miseris
850 340 962 392 (nam
995 340 1051 378 ibi
1084 338 1219 390 plures
1253 338 1342 388 capi

152 402 297 454 aiunt),
320 402 429 453 quod
450 401 559 440 voles
582 401 740 439 efficies.
795 400 883 439 Hoc
904 400 1185 438 vehementius
1205 398 1343 437 laboro

153 474 273 506 1111110,
297 460 407 512 quod
432 473 613 499 seorsum
634 473 660 498 a
682 459 837 511 collega
865 464 966 510 puto
994 458 1092 497 mihi
1114 459 1250 497 omnia
1273 453 1359 507 pa?

152 521 292 560 randa.
339 521 499 559 Amabo
536 526 594 566 te,
628 523 784 571 impera
815 520 891 558 tibi
921 519 1011 557 1100.
1058 518 1209 556 Curare
1241 516 1344 555 soles

151 580 341 626 libenter,
371 587 417 618 ut
447 593 524 632 ego
552 582 747 618 maiorem
774 585 936 631 partem
963 578 1062 617 nihil
1090 590 1243 616 curare.
1297 576 1346 614 In

153 641 228 679 hoc
247 643 413 692 negotio
432 640 541 679 nulla
559 646 645 686 tua,
663 642 739 678 nisi
757 639 963 691 loquendi,
980 652 1076 677 cura
1094 643 1171 684 est,
1188 637 1264 676 hoc
1283 641 1346 674 est

153 701 380 751 imperandi
415 706 459 738 et
492 699 724 738 mandandi.
779 699 883 737 Nam
917 698 1035 737 simul
1067 703 1193 749 atque
1227 700 1347 735 erunt

157 766 317 811 captae,
342 763 410 811 qui
435 759 547 798 alant
571 773 639 798 eas
664 765 707 798 et
733 759 966 810 deportent,
988 758 1115 796 habes
1140 770 1222 803 eos,
1245 768 1346 807 quos

153 820 207 858 ad
223 819 439 859 Sittianam
455 819 728 871 syngrapham
743 821 846 857 misi.
900 818 1005 856 Puto
1021 820 1160 863 etiam,
1175 819 1209 855 si
1223 815 1347 854 ullam

154 893 270 931 spem
287 880 384 918 mihi
403 879 549 918 litteris
568 879 806 924 ostenderis,
824 891 890 916 me
908 880 986 916 isto
1004 880 1219 916 missurum
1235 875 1347 914 alios.

114 946 136 978 4
157 939 217 978 M.
244 940 462 986 Feridium,
489 942 670 991 equitem
694 938 936 984 Romanum,
962 939 1078 975 amici
1102 939 1183 975 mei
1208 935 1347 981 filium,

155 1000 307 1038 bonum
323 1005 366 1038 et
381 1005 593 1038 strenuum
607 998 926 1044 adulescentem,
941 999 1010 1049 qui
1025 997 1079 1036 ad
1092 1010 1210 1035 suum
1223 1009 1348 1047 nego-

155 1062 260 1097 tium
282 1062 386 1097 istuc
409 1062 534 1104 venit,
560 1059 635 1097 tibi
658 1058 911 1104 commendo,
932 1062 975 1095 et
997 1062 1041 1095 te
1058 1069 1170 1108 rogo,
1188 1061 1236 1094 ut
1254 1068 1348 1093 eum

155 1121 198 1157 in
220 1125 385 1157 tuorum
407 1132 576 1156 numero
599 1118 764 1156 habeas.
818 1118 963 1168 Agr08‚
987 1129 1087 1167 quos
1109 1115 1348 1154 fructuarios

155 1178 311 1217 habent
326 1181 526 1224 civitates,
542 1177 629 1216 vult
644 1183 716 1216 tuo
730 1177 942 1222 beneficio,
958 1176 1067 1227 quod
1081 1175 1158 1214 tibi
1171 1174 1289 1213 facile
1305 1179 1350 1212 et

156 1238 373 1277 honestum
394 1237 507 1275 factu
529 1242 605 1282 est,
626 1239 826 1275 immunes
849 1248 936 1274 esse
954 1247 965 1280 ;
1000 1240 1137 1286 gratos
1159 1239 1203 1272 et
1222 1234 1348 1272 bonos

117 1304 139 1336 5
156 1300 260 1336 viros
282 1298 358 1336 tibi
381 1297 582 1348 obligaris.
636 1296 738 1335 Nolo
760 1301 805 1334 te
826 1301 972 1346 putare
996 1295 1217 1333 Favonium
1238 1307 1264 1332 a
1284 1306 1348 1332 00-

157 1357 362 1396 lumnariis
390 1358 659 1407 praeteritum
689 1367 805 1400 esse3
849 1357 1025 1406 optimus
1054 1356 1225 1405 quisque
1255 1365 1348 1391 eum

209 1512 225 1528 ⁰
249 1507 270 1522 ‘⁶
285 1507 371 1540 This
393 1506 570 1549 probably
589 1506 696 1540 refers
713 1509 751 1539 to
773 1516 871 1539 some
890 1505 958 1548 gift
976 1504 1017 1538 of
1035 1514 1058 1537 a.
1079 1507 1231 1546 country
1247 1503 1349 1546 place

163 1551 214 1593 by
238 1550 299 1584 the
325 1553 558 1593 extravagant
584 1549 703 1588 Curio,
725 1548 766 1583 of
788 1549 903 1582 which
925 1559 978 1582 we
999 1547 1090 1581 have
1115 1557 1163 1580 no
1188 1546 1347 1580 record.”

161 1593 527 1678 Tzrrsslllilnicipalities
562 1635 658 1668 often
693 1634 818 1668 owned
852 1634 939 1668 such
1000 1636 1154 1676 roperty,
1189 1643 1276 1666 even
1311 1634 1347 1665 111

163 1680 298 1714 distant
319 1680 507 1713 countries.
555 1678 662 1712 Some
686 1678 816 1711 Italian
838 1681 946 1725 twn,
987 1687 1027 1710 or
1049 1676 1163 1709 which
1188 1675 1218 1709 F
1219 1675 1348 1709 eridius

163 1734 236 1756 was
258 1722 435 1765 probably
449 1723 571 1764 aeting
591 1732 631 1754 as
653 1724 772 1763 agent,
793 1719 919 1754 owned
941 1720 1028 1753 such
1049 1719 1136 1752 land
1154 1720 1190 1752 111
1213 1718 1347 1752 Cilicia.

213 1772 225 1788 ⁶
249 1767 283 1800 Α
310 1764 500 1799 candidate
527 1764 583 1797 for
610 1764 671 1797 the
725 1764 920 1805 raetorship
948 1763 1018 1796 this
1046 1772 1143 1804 year.
1190 1761 1248 1795 He
1275 1772 1348 1795 was

164 1821 211 1843 an
228 1811 384 1843 imitator
399 1809 440 1842 of
452 1807 610 1841 Cato—‘⁶
622 1806 679 1840 ille
725 1807 840 1839 atonis
855 1805 1053 1843 aemulus,”
1066 1805 1164 1839 Suet.
1179 1804 1275 1848 Any.
1295 1806 1346 1837 13.

167 1857 189 1871 ‘⁶
201 1852 319 1886 Cato’s
337 1851 516 1889 Sancho‚'’
536 1850 748 1887 Mommsen,
764 1849 861 1882 RH.
878 1850 923 1881 iv.
940 1850 1018 1881 315.

166 1939 184 1971 f
211 1896 227 1916 ‘¹
250 1895 431 1938 Probably
449 1894 577 1927 loafers
595 1893 710 1927 round
728 1893 789 1926 the
807 1892 997 1931 columnae,
1016 1891 1077 1924 the
1095 1890 1216 1934 pillars
1235 1891 1271 1923 in
1291 1889 1352 1924 the

182 1949 295 1972 orum.

171 1989 246 2029 146
