1448 2236
683 64 886 105 OIOERO

149 171 172 204 2
189 167 406 207 Veientem
432 169 598 220 quidem
625 183 767 221 agrum
795 176 838 209 et
864 171 1116 223 Capenatem
1141 175 1378 213 metiuntur.

189 229 277 268 Hoc
313 245 394 269 non
429 231 550 283 longe
587 233 706 271 abest
743 246 767 270 a
802 233 1042 273 Tusculano.
1096 235 1205 273 Nihil
1239 241 1380 274 tamen

188 294 313 331 timeo
330 306 340 339 ;
369 292 491 339 fruor,
511 293 608 332 dum
627 295 723 333 licet
739 307 749 340 3
778 302 889 346 opto,
908 302 956 335 ut
973 310 1134 349 semper
1151 298 1284 337 liceat.
1338 297 1380 336 Si

188 355 230 393 id
266 357 397 393 minus
422 359 652 408 contigerit,
678 363 832 404 tamen,
857 359 1021 410 quando
1061 373 1150 411 ego,
1174 362 1234 398 vir
1265 359 1379 404 fortis
1420 392 1422 394 v

188 417 379 469 idemque
395 418 671 470 philosophus,
688 422 823 458 vivere
840 421 1155 472 pulcherrimum
1172 422 1282 468 duxi,
1299 436 1380 460 non

187 493 350 530 possum
364 494 457 518 eum
468 495 549 520 non
561 482 744 533 diligere,
756 485 868 522 cuius
880 484 1077 523 beneficio
1088 485 1131 523 id
1141 491 1378 524 consecutus
1407 486 1410 487 ⁷

189 556 291 581 sum.
345 543 426 590 Qui
450 546 483 582 si
508 546 649 595 cupiat
675 558 763 584 esse
783 545 1091 597 ‘rempublicam,
1116 547 1278 598 qualem
1301 546 1379 585 for-

189 611 298 644 tasse
325 611 368 644 et
401 605 468 644 ille
494 607 582 645 vult
621 613 664 645 et
689 621 828 646 omnes
854 614 997 659 optare
1029 609 1239 654 debemus,
1265 608 1379 661 quidl

189 666 313 706 faciat
327 674 482 715 tamen,
498 683 578 707 non
593 669 720 708 habet
737 683 747 716 ;
777 673 836 709 ita
850 684 894 709 se
908 685 1000 709 eum
1013 672 1150 710 multis
1164 666 1383 723 colligavit}

149 735 170 768 3
188 729 270 769 Sed
296 731 453 782 longius
490 732 752 783 progredior3
803 734 931 772 scribo
960 736 1068 772 enim
1100 735 1153 773 ad
1179 740 1236 773 te.
1291 733 1379 773 Hoc

188 798 329 831 tamen
344 796 459 840 scito,
475 808 556 833 non
573 795 694 833 modo
708 809 789 841 me,
805 798 873 847 qui
889 796 1059 834 consiliis
1074 810 1156 835 non
1169 799 1379 843 intersum,
1416 808 1419 809 ’

188 855 262 894 sed
281 869 334 894 ne
355 859 488 907 ipsum
509 857 674 908 quidem
695 860 919 909 principem
940 861 1056 905 scire,
1078 859 1177 910 quid
1197 858 1379 898 futurum

189 920 254 956 sit.
308 918 391 957 Nos
422 922 531 957 enim
560 919 616 957 illi
642 922 852 966 servimus,
882 924 969 972 ipse
997 922 1260 973 temporibus.
1314 922 1380 960 Ita

189 994 265 1019 nec
282 981 362 1027 ille,
378 981 476 1032 quid
493 987 681 1032 tempora
697 982 953 1034 postulatura
970 985 1064 1030 sint,
1083 997 1159 1022 nec
1177 997 1263 1030 nos,
1282 983 1380 1036 quid

190 1043 258 1081 ille
288 1046 456 1095 cogitet,
487 1046 588 1083 scire
618 1058 842 1096 possumus.
897 1045 1011 1085 Haec
1040 1046 1116 1084 tibi
1147 1051 1269 1085 antea
1298 1059 1379 1085 non

190 1108 386 1156 rescripsi,
410 1120 491 1144 non
516 1119 596 1158 quo
619 1112 797 1146 cessator
822 1121 909 1146 esse
933 1108 1117 1154 solerem,
1140 1111 1379 1160 praesertim

189 1170 230 1206 in
247 1160 422 1214 litteris}
455 1169 529 1207 sed
545 1182 638 1207 cum
657 1169 852 1220 explorati
871 1170 970 1208 nihil
987 1170 1194 1218 haberem,
1211 1185 1287 1210 nec
1303 1172 1378 1210 tibi

189 1230 500 1269 sollicitudinem
538 1244 590 1269 ex
628 1232 883 1270 dubitatione
920 1246 1027 1279 mea,
1063 1246 1139 1272 nec
1175 1246 1290 1284 spem
1326 1247 1378 1272 ex

189 1293 454 1331 affirmatione
493 1293 636 1332 afferre
673 1294 793 1332 volui.
848 1294 953 1333 Illud
990 1300 1131 1334 tamen
1169 1296 1377 1342 ascribam,

191 1355 301 1406 quod
329 1361 392 1394 est
417 1358 683 1402 verissimum,
709 1369 777 1394 me
804 1357 864 1395 his
891 1358 1140 1408 temporibus
1168 1357 1299 1396 adhuc
1324 1358 1378 1397 de

189 1420 267 1456 isto
281 1418 460 1469 periculo
475 1418 575 1456 nihil
590 1418 763 1458 audisse.
816 1419 878 1458 Tu
893 1425 1032 1458 tamen
1046 1433 1119 1471 pro
1134 1425 1207 1458 tua
1221 1422 1378 1471 sapien-

188 1482 247 1518 tia
264 1480 432 1519 debebis
455 1486 599 1531 optare
621 1483 789 1532 optima,
807 1484 987 1534 cogitare
1011 1482 1252 1529 difficillima,
1270 1481 1377 1521 ferre

189 1556 470 1594 quaecumque
489 1549 622 1583 erunt.

235 1628 247 1648 ¹
270 1628 357 1671 quid
388 1638 492 1662 ussa
530 1639 602 1671 qua
640 1629 689 1668 id,
721 1631 792 1663 “in
821 1630 911 1663 what
939 1641 1016 1673 way
1052 1634 1086 1664 to
1115 1630 1209 1672 qffoot
1241 1630 1313 1669 it,”
1343 1631 1366 1665 ix

190 1672 372 1714 myyested
387 1672 429 1714 by
447 1672 596 1714 Tyr-rell.

236 1776 251 1792 ‘²
274 1772 344 1811 i.e.,
361 1772 521 1805 Caesar’s
537 1772 694 1805 officials.

237 1815 250 1835 ⁶
273 1814 419 1857 Capena
439 1825 512 1849 was
533 1816 569 1848 in
590 1816 744 1854 Etruria,
767 1826 852 1849 near
875 1816 1006 1850 Mount
1025 1815 1182 1855 Soracte,
1203 1819 1248 1850 20
1269 1827 1309 1850 οι·
1328 1819 1368 1851 30

189 1858 289 1892 miles
302 1858 396 1891 from
411 1858 617 1892 Tusculum.

237 1905 250 1921 ⁶
273 1901 366 1934 Who
382 1901 491 1935 know
505 1912 603 1935 more
618 1902 706 1935 than
723 1901 740 1935 I
757 1901 815 1935 do.

233 1943 249 1964 ‘⁸
272 1943 367 1977 That
380 1945 441 1978 the
455 1944 559 1978 lands
574 1948 613 1978 at
629 1945 763 1987 Naples
779 1945 896 1978 would
912 1945 957 1979 be
971 1945 1196 1979 confiscated.

191 2001 268 2035 250
