1448 2236
653 74 853 113 CICERO

153 180 309 219 factum
330 185 405 225 est,
426 184 473 217 ut
493 179 546 217 ad
565 184 608 216 te
630 178 768 228 Lupus
789 180 874 216 sine
894 180 994 216 meis
1014 178 1159 216 litteris
1179 179 1345 225 rediret,

155 248 248 272 cum
261 239 402 272 tamen
415 238 595 271 curasset
608 237 699 270 tuas
714 232 766 270 ad
779 245 845 269 me
858 231 1134 281 perferendas.
1174 232 1345 270 Romam

156 294 297 326 autem
314 290 406 325 veni
421 300 458 324 a.
474 287 514 324 d.
530 289 718 337 quintum
738 286 833 323 Idus
849 286 1111 331 Decembres,
1129 299 1205 324 nec
1222 286 1345 324 habui

156 341 378 393 quidquam
407 343 625 391 antiquius,
655 353 778 390 quam
806 344 854 377 ut
883 339 1056 377 Pansam
1085 342 1225 377 statim
1254 353 1345 378 con-

155 398 363 440 venirem3
407 407 458 432 ex
487 407 567 444 quo
597 406 646 431 ea
673 393 725 431 de
753 399 797 430 te
826 395 1007 444 cognovi,
1036 406 1141 444 quae
1169 396 1346 431 maxime

157 450 363 499 optabam.
412 448 549 495 Quare
570 446 800 485 hortatione
822 451 869 484 tu
892 446 1056 497 quidem
1077 460 1158 484 non
1181 459 1291 498 eges,
1313 449 1345 484 si

157 516 209 541 ne
221 503 288 540 illa
301 502 466 553 quidem
478 504 519 538 in
531 514 588 546 re,
602 513 707 551 quae
722 513 746 537 a
761 506 804 538 te
819 506 936 551 gesta
952 506 1014 538 est
1027 506 1120 550 post
1139 500 1346 539 hominum

118 565 139 596 2
155 559 391 594 memoriam
424 557 614 599 maxima,
647 554 897 592 hortatorem
930 554 1182 592 desiderasti.
1241 554 1347 592 Illud

156 616 297 648 tamen
345 610 524 647 breviter
573 607 880 659 significandum
929 608 1102 654 videtur,
1151 607 1346 658 populum

157 664 385 702 Romanum
414 665 548 700 omnia
577 675 600 699 a
628 667 672 699 te
702 667 952 711 exspectare,
981 667 1107 712 atque
1134 663 1177 698 in
1204 667 1248 699 te
1276 661 1345 699 ali-

157 717 319 769 quando
335 715 638 767 recuperandae
654 715 853 753 libertatis
871 728 1033 753 omnem
1050 728 1164 765 spem
1180 727 1345 766 ponere.

156 771 232 817 Tu,
247 774 279 808 si
299 771 384 808 dies
402 776 625 820 noctesque
639 771 869 806 memineris
889 768 1014 820 (quod
1028 774 1071 806 te
1085 768 1220 806 facere
1234 774 1345 807 certo

157 825 268 876 scio),
286 829 482 876 quantam
498 836 585 861 rem
601 825 786 874 gesseris,
804 835 885 860 non
901 822 1133 860 obliviscere
1149 821 1345 873 profecto,

158 884 336 930 quantae
356 878 428 915 tibi
451 879 575 915 etiam
594 890 700 914 nunc
719 876 923 927 gerendae
943 878 1037 914 sint.
1081 875 1122 914 Si
1142 879 1250 913 enim
1267 878 1345 914 iste

155 935 401 983 provinciam
441 936 584 968 nactus
627 932 717 975 erit,
758 932 821 967 cui
863 929 1027 981 quidem
1069 942 1146 981 ego
1186 942 1346 980 semper

157 989 307 1024 amicus
340 984 399 1022 fui
433 990 531 1022 ante
572 997 695 1035 quam
734 983 846 1020 illum
882 983 1078 1029 intellexi,
1112 996 1193 1021 non
1225 983 1346 1021 modo

156 1045 312 1090 aperte,
348 1038 422 1077 sed
458 1040 583 1076 etiam
617 1037 792 1075 libenter
827 1050 920 1074 cum
953 1037 1160 1087 republica
1194 1036 1346 1075 bellum

117 1099 138 1131 3
156 1106 314 1145 gerere,
332 1105 447 1143 spem
475 1091 672 1142 reliquam
691 1090 842 1128 nullam
860 1090 978 1129 video
997 1090 1150 1128 salutis.
1195 1090 1346 1138 Quam-

156 1148 296 1185 obrem
315 1151 358 1184 te
381 1146 546 1184 obsecro
566 1144 710 1183 iisdem
729 1144 928 1194 precibus,
943 1144 1087 1195 quibus
1102 1143 1143 1182 S.
1157 1143 1203 1182 P.
1219 1143 1269 1192 Q.
1282 1143 1344 1190 R„

155 1206 202 1238 ut
216 1203 258 1238 in
271 1205 517 1251 perpetuum
531 1198 821 1249 rempublicam
836 1197 1046 1236 dominatu
1059 1200 1172 1249 regio
1184 1197 1345 1243 liberes,

156 1259 203 1292 ut
242 1256 444 1304 principiis
485 1254 741 1290 consentiant
782 1254 928 1289 exitus.
994 1250 1127 1288 Tuum
1168 1256 1230 1289 est
1269 1250 1345 1289 hoc

155 1321 314 1353 munus,
330 1312 427 1345 tuae
441 1311 579 1357 partes
597 1318 607 1351 ;
637 1319 660 1342 a
675 1311 719 1343 te
734 1305 809 1343 hoc
824 1307 962 1342 civitas
978 1304 1042 1342 vel
1057 1317 1196 1342 omnes
1209 1306 1344 1355 potius

154 1367 300 1413 gentes
326 1374 408 1398 non
436 1364 675 1410 exspectant
703 1358 845 1404 solum,
872 1358 945 1396 sed
972 1360 1097 1396 etiam
1121 1357 1343 1409 postulant.

156 1415 428 1465 Quamquam,
463 1427 555 1451 cum
590 1412 819 1450 hortatione
855 1425 936 1450 non
972 1425 1107 1463 egeas,
1141 1417 1190 1449 ut
1224 1424 1345 1462 supra

155 1471 306 1519 scripsi,
322 1481 403 1506 non
418 1472 511 1505 utar
527 1480 576 1504 ea
590 1466 770 1517 pluribus
786 1466 931 1511 verbis,
946 1464 1093 1503 faciam
1107 1464 1219 1510 illud,
1236 1464 1345 1516 quod

210 1575 225 1590 ⁰
249 1569 371 1603 Cicero
393 1572 501 1602 wrote
523 1569 593 1601 this
613 1567 713 1601 letter
734 1568 845 1601 about
866 1568 951 1601 Dec.
979 1567 1070 1606 11th‚
1087 1567 1159 1600 and
1180 1567 1241 1600 the
1263 1566 1344 1600 sub-

161 1616 310 1655 sequent
325 1623 448 1646 course
463 1613 504 1645 of
515 1614 634 1645 events
651 1621 723 1644 was
738 1610 924 1653 probably,
941 1610 1131 1653 according
1144 1613 1182 1643 to
1195 1609 1342 1652 Tyrrell,

161 1666 201 1689 as
215 1656 385 1732 follogzg.
415 1699 454 1729 18
478 1696 669 1740 (evening).
716 1696 840 1738 Lupus
863 1699 999 1729 returns
1020 1696 1113 1729 from
1142 1695 1284 1728 Mutina
1306 1698 1344 1728 to

302 1741 475 1817 &lg-offla
505 1782 562 1815 He
577 1782 640 1815 has
657 1782 861 1815 conference
876 1781 961 1815 with
984 1781 1105 1814 Cicero
1120 1780 1192 1814 and
1212 1780 1341 1814 others.

301 1827 386 1860 Dec.
407 1829 459 1859 19.
505 1825 626 1858 Cicero
642 1827 757 1858 writes
772 1825 817 1857 xi.
836 1826 867 1857 7.

301 1870 386 1903 Dec.
404 1871 459 1901 ΩΟ.
507 1868 668 1910 Meeting
700 1868 741 1901 of
767 1867 827 1900 the
861 1867 989 1900 senate
1022 1868 1058 1899 in
1080 1866 1195 1900 which
1221 1865 1342 1899 Cicero

348 1911 496 1945 delivers
509 1911 607 1943 Phil.
625 1912 673 1944 iii.

303 1955 388 1990 Dec.
405 1957 450 1989 20
464 1954 656 1997 (evening).
703 1952 825 1987 Cicero
841 1953 954 1986 writes
969 1951 1014 1985 xi.
1032 1955 1065 1986 6.

155 2011 234 2046 440
