1448 2236
669 45 870 84 CICERO

173 163 427 203 cognoscere.
481 149 598 197 Quae
631 162 724 187 mea
756 152 962 188 sententia
992 152 1036 187 in
1067 156 1212 189 senatu
1243 150 1360 190 facile

173 215 377 260 valuisset,
392 217 467 253 nisi
484 214 614 252 Pansa
629 214 894 252 vehementer
908 214 1145 253 obstitisset.
1197 215 1259 254 Ea
1271 229 1360 254 sen-

172 283 304 319 tentia
328 280 451 324 dieta,
476 279 695 329 productus
720 292 808 316 sum
832 281 875 316 in
898 281 1128 317 contionem
1153 293 1177 317 a
1199 280 1361 319 tribuno

171 344 299 396 plebis
316 344 377 382 M.
393 343 570 381 Servilio.
624 342 721 380 Dixi
736 343 788 381 de
802 348 860 388 te,
876 357 981 394 quae
995 346 1124 394 potui,
1138 349 1256 383 tanta
1269 358 1361 383 con-

164 412 369 454 tentione,
385 414 582 459 quantum
597 407 729 446 forum
742 413 818 453 est,
830 413 948 446 tanto
962 408 1135 447 clamore
1149 421 1361 448 consensu-

171 487 251 525 que
285 473 437 524 populi,
473 478 520 510 ut
554 472 652 509 nihil
687 485 880 523 umquam
915 472 1043 510 simile
1078 473 1259 511 viderim.
1312 474 1361 512 Id

171 537 290 576 velim
315 537 414 575 mihi
438 540 635 588 ignoscas,
661 537 770 587 quod
794 539 921 574 invita
945 549 1060 575 socru
1084 542 1158 575 tua
1181 536 1355 576 fecerim.

171 602 322 640 Mulier
334 602 478 640 timida
491 601 720 646 verebatur,
734 614 786 638 ne
801 600 956 639 Pansae
970 603 1126 639 animus
1139 600 1359 640 offendere-

170 673 249 705 tur.
303 666 352 704 In
366 668 553 704 contione
569 666 733 716 quidem
749 665 880 703 Pansa
893 666 997 703 dixit
1010 671 1183 704 matrem
1198 679 1358 718 quoque

169 738 284 770 tuam
304 737 347 769 et
365 730 533 768 fratrem
551 729 659 767 illam
680 744 703 767 a
722 743 788 767 me
807 731 1054 769 sententiam
1076 730 1249 768 noluisse
1267 731 1358 769 dici.

168 796 249 834 Sed
272 796 373 833 haec
395 808 477 832 non
499 794 719 832 movebant
737 806 746 838 ;
785 793 862 831 alia
885 794 1100 832 malebam.
1154 795 1358 833 Favebam

169 866 213 899 et
231 859 489 910 reipublicae,
504 861 567 896 cui
587 871 747 908 semper
765 857 859 903 favi,
875 864 918 896 et
937 858 1127 910 dignitati
1147 871 1194 897 ac
1207 858 1357 911 gloriae

130 930 150 961 2
168 930 279 963 tuae.
332 923 453 971 Quod
491 928 629 960 autem
669 927 713 960 et
750 924 792 959 in
829 928 973 960 senatu
1011 922 1191 973 pluribus
1228 924 1357 962 verbis

168 990 350 1033 disserui,
370 993 414 1026 et
432 987 515 1025 dixi
534 989 576 1024 in
594 989 796 1031 contione,
815 989 858 1023 in
877 999 925 1024 eo
944 986 1064 1024 velim
1083 986 1206 1025 fidem
1223 1001 1357 1026 meam

167 1053 327 1092 liberes.
381 1051 547 1089 Promisi
575 1053 684 1089 enim
712 1056 756 1088 et
781 1063 907 1101 prope
935 1050 1179 1097 confirmavi,
1206 1057 1250 1089 te
1277 1065 1358 1090 non

169 1122 426 1168 exspectasse
454 1129 529 1153 nec
557 1120 888 1165 exspectaturum
915 1115 1081 1153 decreta
1107 1121 1258 1161 nostra,
1285 1116 1358 1155 sed

167 1187 212 1220 te
243 1184 376 1232 ipsum
408 1186 480 1218 tuo
512 1193 624 1217 more
657 1179 946 1229 rempublicam
980 1178 1267 1225 defensurum;
1314 1186 1358 1219 et

169 1258 415 1297 quamquam
438 1243 634 1282 nihildum
658 1244 926 1288 audieramus,
949 1256 1024 1281 nec
1046 1244 1115 1281 ubi
1139 1256 1260 1289 esses,
1283 1257 1358 1283 nec

169 1323 269 1361 quas
297 1311 431 1359 copias
460 1309 644 1354 haberes,
672 1313 813 1346 tamen
839 1310 895 1345 sic
923 1308 1168 1353 statuebam,
1205 1321 1357 1355 omnes,

169 1387 274 1425 quae
303 1376 347 1411 in
376 1375 462 1411 istis
493 1373 675 1423 partibus
707 1377 843 1410 essent
873 1385 969 1422 opes
1000 1374 1235 1422 copiaeque,
1265 1378 1357 1411 tuas

170 1451 257 1477 esse
275 1450 286 1483 ;
324 1451 397 1488 per
420 1443 546 1487 teque
571 1437 710 1474 Asiam
733 1439 978 1486 provinciam
1002 1435 1253 1474 confidebam
1275 1439 1357 1474 iam

168 1501 412 1553 reipublicae
439 1504 719 1551 reciperatam.
740 1517 747 1525 ·
772 1500 834 1537 Tu
860 1499 924 1537 fac
950 1502 992 1537 in
1020 1500 1207 1551 augenda
1232 1499 1358 1551 gloria

169 1572 212 1605 te
230 1569 316 1617 ipse
335 1568 482 1603 vincas.
535 1564 648 1602 Vale.

221 1665 236 1680 ⁰
260 1660 294 1694 A
323 1659 467 1692 relative
496 1658 537 1691 of
563 1658 722 1696 Servilia,
753 1659 853 1691 sister
882 1658 922 1691 of
949 1658 1038 1691 Cato
1069 1658 1256 1696 Uticensis,
1285 1658 1357 1692 and

176 1704 313 1737 mother
330 1703 370 1736 of
385 1701 557 1735 Cassius's
575 1701 655 1734 wife
672 1701 744 1741 (see
762 1704 844 1733 note
860 1711 878 1733 e
895 1712 942 1734 on
962 1704 995 1733 2.
1013 1703 1035 1734 2
1053 1701 1192 1743 above).
1240 1701 1312 1734 She
1328 1703 1357 1734 is

173 1748 233 1780 the
250 1745 523 1779 mother-in-law
540 1743 741 1777 mentioned
757 1743 881 1776 below.

220 1790 234 1811 θ
259 1789 293 1822 It
306 1791 335 1822 is
351 1792 414 1821 not
427 1788 559 1821 known
574 1788 654 1820 who
668 1787 839 1820 Cassius’s
854 1786 990 1819 mother
1004 1796 1087 1819 was.
1135 1786 1202 1820 His
1215 1786 1358 1820 brother
1405 1792 1409 1796 ”

174 1842 246 1865 was
262 1832 322 1865 the
339 1831 382 1864 L.
399 1831 541 1864 Cassius
557 1829 759 1864 mentioned
775 1829 888 1863 above
903 1829 952 1872 (2.
968 1829 1018 1871 2).

170 1972 248 2013 536
