1430 2242
653 55 853 96 CICERO

158 156 264 204 Quia
278 170 370 195 cum
385 157 552 206 Quinto,
567 158 694 198 fratre
708 173 815 206 meo,
829 174 911 199 non
926 174 1028 208 eras,
1043 175 1124 213 quo
1138 164 1343 200 mitterem

157 215 229 248 aut
247 213 309 248 cui
327 211 481 257 darem,
499 214 742 252 nesciebam.
796 213 923 265 Cupio
941 217 1054 262 scire,
1072 216 1171 267 quid
1186 229 1283 268 agas
1300 221 1344 254 et

158 264 226 301 ubi
254 267 306 302 sis
333 265 597 305 hiematurus.
649 267 850 318 Equidem
878 268 1012 314 velim,
1038 282 1131 307 cum
1158 269 1343 315 Caesare,

157 318 229 356 sed
257 318 311 357 ad
340 332 434 357 eum
461 326 628 371 propter
661 323 745 359 eius
778 321 950 360 luctum1
978 322 1075 362 nihil
1107 336 1196 361 sum
1224 336 1342 361 ausus

116 375 138 408 2
156 372 342 410 scribere.
396 373 463 412 Ad
479 373 651 412 Balbum
670 380 809 413 tamen
827 379 977 427 scripsi,
1029 376 1091 414 Tu
1108 377 1183 415 tibi
1201 376 1343 415 deesse

155 424 287 463 noli—

426 482 543 522 potius
557 481 605 514 ad
621 492 685 515 nos
702 484 823 521 serius,
840 482 927 515 dum
943 483 1090 526 plenior.

156 555 277 603 Quod
312 555 390 595 huc
423 570 628 608 properes,
662 558 759 596 nihil
794 565 869 605 est,
902 562 1141 610 praesertim
1173 559 1343 598 Battara

155 615 327 648 mortuo.
381 610 462 649 Sed
478 612 551 649 tibi
569 611 777 651 consilium
793 626 872 651 non
890 612 1020 652 deest.
1073 613 1183 661 Quid
1197 616 1345 652 consti÷

115 668 136 700 3
154 666 293 709 tueris,
319 667 435 715 cupio
461 667 574 703 scire.
628 665 701 704 Cn.
728 666 933 713 Octavius,
952 680 1005 705 an
1030 666 1103 705 Cn.
1123 666 1342 714 Cornelius,

155 717 320 768 quidam
346 724 423 764 est,
447 724 541 757 tuus
566 718 784 766 familiaris,
811 719 833 733 “
852 734 1008 759 summo
1033 734 1184 772 genere
1207 726 1341 766 natus,

154 776 288 809 terrae
305 771 448 810 filius.''
503 773 542 811 Is
558 786 638 819 me,
655 776 748 824 quia
764 776 839 812 scit
854 779 971 812 tuum
986 773 1224 812 familiarem
1240 787 1341 820 esse,

153 825 292 863 crebro
324 826 377 864 ad
413 839 554 864 cenam
587 829 746 866 invitat.
799 828 944 866 Adhuc
975 841 1056 866 non
1086 830 1222 879 potuit
1250 841 1341 879 per-

152 878 301 917 ducere
320 892 329 917 :
356 880 428 918 sed
446 880 543 918 mihi
562 886 701 919 tamen
719 887 882 932 gratum
900 887 976 920 est.

727 1024 766 1062 X

467 1131 512 1157 M.
541 1132 678 1157 CICERO
705 1131 737 1158 S,
765 1132 804 1158 D.
831 1132 1027 1158 TREBATIO

566 1213 713 1252 Romae,
730 1225 836 1247 A.U.C.
855 1217 931 1247 Ι701.

114 1293 131 1326 1
203 1289 302 1340 Legi
333 1294 424 1328 tuas
452 1290 623 1335 litteras,
659 1303 710 1328 ex
732 1291 876 1341 quibus
897 1290 1092 1337 intellexi,
1114 1297 1158 1329 te
1179 1290 1339 1330 Caesari

152 1349 288 1381 nostro
337 1343 454 1382 valde
504 1347 590 1381 iure
640 1344 867 1382 consultum
915 1345 1054 1383 videri.
1107 1345 1183 1383 Est
1232 1345 1339 1396 quod

151 1397 344 1448 gaudeas,
371 1403 415 1435 te
442 1400 484 1435 in
510 1400 588 1436 ista
615 1397 702 1436 loca
727 1401 898 1444 venisse,
925 1399 994 1436 ubi
1020 1398 1172 1450 aliquid
1197 1412 1338 1449 sapere

151 1450 346 1489 viderere.
401 1451 521 1499 Quod
546 1454 579 1489 si
605 1454 647 1489 in
672 1452 922 1490 Britanniam
948 1465 1109 1503 quoque
1134 1451 1338 1503 profectus

153 1517 275 1550 esses,
299 1503 482 1555 profecto
508 1518 627 1544 nemo
653 1508 695 1543 in
719 1505 786 1543 illa
811 1511 928 1544 tanta
953 1505 1082 1544 insula
1105 1508 1271 1557 peritior
1293 1511 1338 1544 te

367 1582 380 1602 ¹
413 1582 610 1616 Victorius:
635 1585 904 1625 occupationem
923 1583 1131 1617 Cratander.

202 1691 217 1706 ⁰
242 1686 311 1719 For
331 1686 392 1719 the
413 1686 520 1719 death
541 1686 581 1719 of
601 1687 654 1720 his
676 1687 852 1729 daughter
873 1687 982 1726 Julia,
1005 1687 1086 1720 wife
1106 1687 1147 1720 of
1166 1687 1336 1730 Pompey.

156 1729 227 1763 She
244 1729 326 1763 died
343 1730 379 1762 in
398 1729 605 1772 September
623 1729 662 1763 of
676 1730 745 1763 this
763 1741 859 1772 year.

202 1773 215 1794 ⁶
239 1773 462 1815 Apparently
484 1783 506 1805 a
529 1772 718 1806 nickname
740 1773 795 1806 for
817 1773 877 1806 the
900 1773 1054 1806 Vacerra
1077 1772 1278 1806 mentioned
1299 1774 1335 1806 in

155 1816 216 1879 the
230 1815 420 1891 Pf‘i‘ieding
435 1815 546 1891 leitter,
554 1816 715 1878 perhaps
730 1816 880 1891 blerffiuse
896 1816 941 1848 he
956 1815 1194 1891 stagnmered3
1219 1861 1235 1891 ό
1262 1861 1280 1891 θ

154 1901 240 1935 This
259 1859 784 1944 maegz'saZeAEglge—vaeehtabasslss
801 1859 1132 1944 tooffizezegignss}
1150 1871 1337 1945 gghlngg:

156 1945 221 1978 but
233 1955 273 1978 as
286 1956 307 1978 a
321 1948 448 1979 matter
461 1945 501 1979 of
510 1946 584 1979 fact
596 1945 641 1979 he
653 1956 725 1978 was
737 1956 759 1978 a
772 1945 921 1978 clown.”
967 1945 1009 1978 T.
1023 1944 1067 1978 E.
1081 1945 1188 1987 Page.

159 2002 208 2035 32
