1448 2236
698 45 901 84 CICERO

204 150 274 199 qui
290 161 341 186 ne
358 147 512 187 Romae
527 149 692 200 quidem
707 154 797 188 tum
811 148 885 195 fui,
900 150 1034 202 deque
1050 162 1100 188 eo
1115 150 1169 189 ad
1181 154 1226 189 te
1241 152 1392 200 scripsi,

177 225 256 258 3re
287 221 456 256 recenti.
508 218 590 257 Sed
621 219 722 257 haec
750 219 959 258 hactenus.
1011 219 1084 265 Te,
1109 222 1167 258 mi
1194 219 1392 265 Cornifici,

204 291 329 326 etiam
357 293 481 340 atque
509 291 634 327 etiam
661 303 773 341 rogo,
800 295 847 328 ut
873 292 1008 328 omnia
1034 289 1201 328 Lamiae
1227 292 1393 342 negotia

202 371 295 396 mea
323 364 444 408 putes
476 372 563 398 esse
593 373 804 411 curesque,
834 365 882 398 ut
910 359 1124 412 intellegat
1153 359 1256 398 hanc
1285 373 1392 398 com·
1442 392 1448 414 Δ.

202 429 506 467 mendationem
539 433 716 468 maximo
750 430 825 468 sibi
860 433 949 468 usui
982 429 1118 468 fuisse.
1171 429 1261 468 Hoc
1293 429 1391 468 mihi
1441 418 1448 507 Ξ

201 501 355 550 gratius
374 497 507 538 facere
525 499 624 538 nihil
640 506 772 551 potes.
825 500 944 546 Cura,
962 505 1009 539 ut
1026 500 1174 539 valeas.

513 867 561 894 Μ.
578 867 617 894 T.
635 868 670 894 C.
689 868 721 894 S.
740 868 778 894 P.
797 869 836 894 D.
856 867 1082 895 CORNIFICIO

616 958 764 998 Romae,
781 970 887 992 A.u.c.
905 961 983 992 711.

166 1065 183 1098 l
255 1060 407 1098 Itane?
449 1065 613 1111 praeter
639 1060 863 1111 litigatores
891 1073 1011 1099 nemo
1039 1061 1092 1100 ad
1117 1066 1162 1100 te
1188 1074 1300 1100 meas
1325 1061 1390 1101 lit-

202 1135 310 1169 teras
327 1131 343 1168 ?
398 1130 558 1168 Multae
575 1133 678 1168 istae
697 1131 862 1182 quidem
878 1142 889 1177 ;
920 1137 968 1169 tu
985 1133 1092 1170 enim
1108 1130 1327 1182 perfecisti,
1343 1137 1390 1170 ut

203 1214 322 1238 nemo
337 1203 423 1238 sine
436 1200 581 1238 litteris
595 1203 696 1238 meis
711 1202 785 1238 tibi
799 1214 843 1239 se
857 1201 1184 1240 commendatum
1197 1207 1363 1253 putaret
1378 1215 1388 1248 ;

203 1271 276 1309 sed
295 1273 383 1321 quis
402 1284 596 1322 umquam
614 1276 777 1309 tuorum
795 1271 895 1309 mihi
911 1271 1016 1310 dixit
1034 1284 1136 1317 esse,
1154 1274 1219 1310 cui
1237 1272 1389 1318 darem,

203 1344 301 1392 quin
320 1341 502 1379 dederim
520 1341 536 1378 ?
572 1346 644 1379 aut
664 1341 762 1392 quid
781 1341 880 1378 mihi
897 1341 1121 1387 iucundius,
1142 1355 1278 1392 quam,
1297 1354 1389 1380 cum

202 1424 336 1448 coram
353 1415 490 1448 tecum
506 1410 617 1462 loqui
633 1424 714 1449 non
730 1414 893 1462 possim,
910 1417 983 1450 aut
998 1412 1171 1450 scribere
1188 1411 1241 1450 ad
1257 1418 1300 1450 te
1318 1417 1389 1451 aut

202 1486 294 1519 tuas
325 1480 462 1532 legere
495 1480 651 1518 litteras
669 1482 684 1518 Ρ
739 1481 845 1520 Illud
875 1483 1004 1533 magis
1035 1482 1135 1520 mihi
1165 1481 1269 1520 solet
1301 1495 1388 1521 esse

202 1550 432 1596 molestum,
455 1553 580 1588 tantis
603 1563 670 1588 me
693 1552 879 1601 impediri
903 1553 1243 1602 occupationibus,
1266 1557 1314 1590 ut
1336 1553 1389 1591 ad

203 1626 246 1660 te
262 1621 462 1659 scribendi
477 1634 570 1659 meo
587 1621 785 1659 arbitratu
800 1620 971 1660 facultas
987 1621 1096 1660 nulla
1112 1622 1244 1660 detur.
1298 1621 1388 1660 Non

203 1693 311 1729 enim
329 1696 372 1729 te
391 1690 586 1741 epistulis,
601 1691 674 1729 sed
690 1690 956 1729 voluminibus
972 1691 1224 1737 lacesserem,
1243 1693 1387 1743 quibus

204 1761 368 1812 quidem
384 1774 450 1798 me
469 1774 493 1798 a
509 1766 552 1799 te
569 1762 774 1811 provocari
790 1762 1018 1811 oportebat.
1070 1761 1262 1809 Quamvis
1279 1765 1387 1800 enim
1412 1751 1414 1753 ¹

203 1836 421 1881 occupatus
447 1833 513 1875 sis,
539 1833 597 1868 oti
622 1836 763 1869 tamen
786 1830 875 1881 plus
902 1831 1055 1876 habes;
1095 1837 1180 1877 aut,
1205 1834 1238 1870 si
1263 1845 1315 1870 ne
1340 1838 1387 1871 tu
1410 1827 1411 1830 ¹

202 1902 367 1952 quidem
380 1914 511 1946 vacas,
525 1900 606 1938 noli
619 1901 831 1952 impudens
846 1914 948 1947 esse,
963 1914 1038 1940 nec
1050 1901 1148 1940 mihi
1161 1901 1384 1941 molestiam

208 1961 285 2001 616
