1448 2236
711 65 912 105 CICERO

214 169 393 217 sumptui
419 180 594 218 possem.
648 168 751 207 Cum
778 172 953 220 primum
981 170 1034 208 de
1059 171 1238 210 Antonio
1267 172 1403 223 explo-

213 234 348 266 ratum
367 228 561 276 habuero,
575 229 722 268 faciam
737 237 780 269 te
800 234 1027 271 certiorem.
1075 233 1136 270 Tu
1158 246 1226 271 me
1248 234 1401 271 amabis

212 292 285 336 ita,
307 293 340 328 si
365 290 440 329 hoc
464 291 574 330 idem
599 306 666 331 me
687 295 730 331 in
751 299 795 331 te
816 293 951 332 facere
976 297 1161 334 senseris.
1209 307 1273 334 111.
1295 295 1401 334 Non.

213 351 359 399 Maias,
379 366 430 391 ex
449 357 602 400 castris,
621 354 819 394 Dertona.

766 551 826 589 XI

321 664 361 691 D.
389 666 541 692 BRUTUS
570 667 656 693 IMP.
684 668 763 694 COS.
792 668 876 694 DES.
903 668 936 694 S.
963 668 1003 695 D.
1030 668 1076 695 M.
1103 667 1287 694 CICERONI

466 757 509 790 In
525 757 654 791 finibus
675 758 961 798 Statiellensium,
978 770 1083 793 A.u.c.
1101 761 1179 792 711.

169 845 184 878 1
261 841 417 880 Eodem
444 843 631 894 exemplo
659 856 683 881 a
711 849 755 882 te
773 843 870 882 mihi
888 844 1051 882 litterae
1075 844 1260 882 redditae
1287 847 1396 887 sunt,

207 916 288 954 quo
310 907 426 954 pueri
448 907 530 943 mei
554 905 795 944 attulerunt.
848 906 1025 945 Tantum
1047 919 1115 944 me
1142 907 1216 944 tibi
1245 905 1396 944 debere

207 968 409 1012 existimo,
440 972 639 1017 quantum
669 967 897 1018 persolvere
927 967 1085 1006 difficile
1117 972 1193 1006 est.
1250 966 1394 1017 Scripsi

206 1027 295 1073 tibi,
319 1041 425 1079 quae
448 1028 512 1067 hic
535 1035 788 1081 gererentur.
838 1029 887 1068 In
910 1031 1056 1067 itinere
1080 1035 1144 1068 est
1166 1030 1394 1072 Antonius;

205 1089 259 1141 ad
273 1089 474 1141 Lepidum
486 1091 750 1141 proficiscitur
767 1104 777 1137 ;
806 1104 858 1129 ne
873 1091 925 1130 de
940 1091 1087 1129 Planco
1102 1091 1267 1142 quidem
1280 1102 1394 1141 spem

205 1151 337 1190 adhuc
359 1153 521 1199 abiecit,
543 1158 591 1191 ut
614 1166 664 1191 ex
686 1153 829 1191 libellis
853 1155 937 1191 eius
959 1153 1241 1199 animadverti,
1262 1154 1333 1204 qui
1351 1153 1395 1189 in

205 1226 271 1251 me
290 1214 518 1253 inciderunt
536 1227 547 1260 ;
579 1217 622 1252 in
640 1216 798 1266 quibus,
818 1229 917 1266 quos
935 1215 990 1254 ad
1007 1216 1205 1260 Asinium,
1225 1227 1325 1266 quos
1337 1213 1396 1252 ‘ad

206 1275 420 1326 Lepidum,
439 1290 539 1328 quos
557 1277 611 1315 ad
627 1277 821 1315 Plancum
838 1280 1038 1323 mitteret,
1055 1277 1271 1315 scribebat.
1305 1275 1395 1328 Ego

204 1342 346 1376 tamen
369 1352 451 1377 non
475 1339 597 1377 habui
621 1340 870 1391 ambiguum,
896 1345 940 1377 et
963 1341 1102 1377 statim
1125 1338 1180 1377 ad
1202 1337 1394 1376 Plancum

204 1402 293 1437 misi
311 1413 320 1445 ;
352 1406 395 1438 et
410 1401 533 1439 biduo
548 1402 600 1438 ab
616 1401 899 1452 Allobrogibus
916 1406 959 1439 et
972 1403 1099 1439 totius
1115 1399 1270 1438 Galliae
1284 1399 1394 1450 lega·
1446 1407 1448 1409 ’

165 1466 186 1497 2
205 1467 268 1499 tos
284 1468 490 1512 exspecto,
506 1476 605 1514 quos
619 1463 875 1501 confirmatos
890 1463 1056 1501 domum
1068 1464 1291 1500 remittam.
1317 1461 1394 1506 Tu,
1442 1456 1448 1496 ἕ

205 1536 310 1574 quae
333 1526 423 1562 istic
446 1538 546 1575 opus
570 1531 691 1563 erunt
713 1525 996 1570 administrari,
1019 1526 1249 1575 prospicies,
1271 1528 1319 1561 ut
1341 1535 1393 1560 ex

205 1590 278 1623 tua
293 1586 504 1624 voluntate
520 1589 660 1637 reique
677 1586 863 1637 publicae
879 1586 1090 1625 commodo
1106 1586 1220 1624 fiant.
1264 1584 1392 1622 Male-

204 1647 406 1687 volentiae
422 1648 630 1687 hominum
644 1651 687 1686 in
701 1661 781 1694 me,
797 1651 829 1686 si
844 1651 1011 1699 poteris,
1025 1660 1207 1687 occurres
1225 1660 1235 1693 3
1265 1649 1393 1685 sinon

255 1781 271 1796 ⁰
294 1776 408 1809 Varro
433 1788 504 1810 was
529 1780 590 1810 not
615 1776 851 1818 proverbially
875 1775 1050 1818 wealthy;
1088 1775 1198 1809 Orelli
1219 1774 1392 1808 therefore

207 1824 371 1862 suggests
382 1820 461 1853 that
473 1820 533 1853 the
546 1821 720 1853 reference
734 1831 818 1861 may
831 1819 875 1852 be
887 1822 925 1852 to
938 1830 1036 1852 some
1047 1818 1200 1861 wealthy
1212 1818 1392 1852 character

208 1864 243 1895 in
261 1874 328 1896 one
344 1864 384 1896 of
396 1863 541 1896 Varro’s
558 1863 703 1901 Satires,
721 1874 799 1895 now
815 1862 892 1895 lost.

254 1905 268 1925 ὃ
291 1906 367 1939 The
379 1906 616 1940 Statiellenses
629 1905 720 1939 lived
734 1917 755 1938 a
769 1905 855 1938 little
867 1909 904 1938 to
916 1905 976 1938 the
989 1904 1194 1938 north-west
1205 1905 1247 1937 of
1255 1903 1389 1937 Genoa.

206 1947 314 2038 Thgir
331 1949 428 1983 chief
440 1953 547 1989 town,
566 1950 694 1991 Aquae
712 1948 963 1987 Statiellorum,
982 1950 1011 1981 is
1028 1947 1100 1982 still
1115 1947 1227 1981 called
1245 1948 1374 1989 Aequi.

207 2005 255 2039 45
