1448 2236
700 53 902 93 CICERO

202 157 353 196 habere
373 159 494 202 sensi,
514 156 638 195 malui
659 157 838 208 collegae
861 159 961 203 eius,
981 157 1132 196 homini
1153 157 1397 197 alienissimo

203 211 315 256 mihi,
335 217 379 249 et
396 216 564 261 propter
582 213 803 249 amicitiam
821 217 936 250 tuam
954 225 1037 250 non
1055 214 1312 263 aequissimo,
1330 225 1398 250 me

203 264 397 316 obligare,
417 278 540 315 quam
558 264 662 302 illius
682 267 822 302 simiae
841 265 999 303 vultum
1018 266 1167 303 subire.
1220 265 1270 304 Id
1287 271 1399 316 post-

204 332 328 369 quam
345 321 495 364 resciit,
515 319 748 364 excanduit,
769 324 812 356 et
831 332 897 356 me
915 332 1080 356 causam
1098 321 1398 357 inimicitiarum
1422 317 1425 319 ’

204 385 401 423 quaerere
433 372 669 417 clamitavit,
702 377 762 417 ut,
795 374 828 410 si
860 372 958 410 mihi
989 374 1031 410 in
1062 375 1236 423 pecunia
1266 375 1398 410 minus

204 425 480 471 satisfecisset,
506 438 581 476 per
606 425 710 464 hanc
737 428 915 476 speciem
941 425 1157 464 simultatis
1186 439 1280 464 eum
1306 439 1398 464 con—

203 485 395 518 sectarer.
449 479 595 518 Postea
622 493 704 517 non
729 479 890 518 destitit
914 493 1117 518 arcessere
1144 479 1284 518 Polam
1309 479 1398 517 Ser·
1436 507 1439 519 2

203 536 327 579 vium,
372 539 663 579 accusatorem,
708 535 809 570 inire
855 546 948 571 cum
993 533 1175 571 Domitio
1220 533 1398 571 consilia.

165 593 185 625 3
205 587 361 635 Quibus
393 600 485 625 cum
517 600 661 637 parum
697 586 951 637 procederet,
979 592 1027 624 ut
1058 586 1141 624 ulla
1174 586 1268 638 lege
1300 586 1398 625 mihi

203 646 405 692 ponerent
426 646 716 686 accusatorem,
738 640 969 690 compellari
992 653 1041 678 ea
1060 639 1154 691 lege
1175 653 1242 678 me
1264 640 1399 678 volue-
1431 664 1435 674 1

204 700 313 740 runt,
326 695 407 746 'qua
418 695 553 732 dicere
564 708 646 732 non
657 699 864 744 poterant.
894 693 1201 732 Insolentissimi
1213 693 1396 732 homines

204 751 369 786 summis
391 748 644 786 Circensibus
665 747 769 786 ludis
790 750 890 786 meis
911 747 1199 798 postulandum
1219 760 1286 786 me
1306 747 1398 798 lege

204 802 411 840 Scantinia
437 807 594 840 curant.
650 801 727 839 Vix
755 800 830 839 hoc
859 807 948 839 erat
969 800 1067 839 Pola
1088 801 1284 846 elocutus,
1305 814 1398 839 cum

204 869 281 907 ego
304 857 483 906 Appium
505 868 714 893 censorem
738 855 883 893 eadem
904 854 998 906 lege
1019 854 1234 905 postulavi.
1278 854 1400 902 Quod

202 909 346 948 melius
368 909 548 954 caderet,
569 908 668 946 nihil
691 909 782 947 vidi.
837 908 942 946 Nam
963 910 1020 946 sic
1042 914 1106 946 est
1126 921 1151 946 a
1171 907 1334 959 populo,
1354 913 1399 946 et

203 976 285 1002 non
307 963 445 1000 infimo
469 975 645 1013 quoque,
669 962 953 1012 approbatum,
976 966 1024 999 ut
1046 963 1240 999 maiorem
1262 961 1397 1012 Appio
1428 966 1431 970 '

203 1016 384 1055 dolorem
402 1015 526 1061 fama,
546 1029 669 1066 quam
688 1014 922 1066 postulatio,
942 1014 1140 1053 attulerit.
1179 1014 1399 1053 Praeterea

204 1073 319 1121 coepi
353 1069 558 1115 sacellum,
591 1072 633 1107 in
665 1069 786 1107 domo
819 1068 928 1119 quod
962 1074 1038 1113 est,
1071 1069 1125 1106 ab
1159 1081 1207 1106 eo
1239 1073 1397 1119 petere.

167 1132 187 1161 4
206 1123 434 1162 Conturbat
446 1136 512 1161 me
524 1136 637 1160 mora
648 1126 750 1160 servi
764 1122 895 1167 huius,
903 1124 970 1173 qui
984 1122 1059 1160 tibi
1070 1121 1229 1160 litteras
1241 1120 1394 1160 attulit.

206 1178 312 1215 Nam
334 1179 510 1228 acceptis
532 1177 728 1226 prioribus
751 1175 911 1221 litteris,
934 1175 1105 1226 amplius
1128 1175 1398 1226 quadraginta

205 1231 291 1270 dies
306 1233 468 1269 mansit.
515 1230 624 1277 Quid
643 1230 718 1268 tibi
737 1229 923 1274 scribam,
943 1231 1090 1267 nescio.
1137 1227 1221 1267 Scis
1242 1228 1398 1266 Domiti

205 1285 343 1323 odium
360 1287 402 1322 in
420 1289 580 1322 tumore
599 1281 720 1321 esse.1
771 1283 976 1333 Exspecto
995 1287 1039 1320 te
1057 1281 1188 1328 valde,
1209 1287 1252 1320 et
1275 1294 1398 1332 quam

205 1341 380 1390 primum
405 1337 542 1376 videre
568 1339 699 1387 cupio.
753 1336 790 1374 A
816 1341 860 1374 te
885 1341 997 1386 peto,
1024 1341 1071 1373 ut
1096 1348 1208 1374 meas
1234 1337 1397 1373 iniurias

206 1392 374 1443 proinde
398 1390 550 1436 doleas,
573 1396 621 1429 ut
644 1403 711 1428 me
736 1391 942 1428 existimas
967 1394 1011 1428 et
1034 1388 1171 1427 dolere
1197 1393 1240 1427 et
1264 1388 1396 1427 ulcisci
1423 1407 1426 1411 ·

208 1452 300 1484 tuas
318 1445 458 1484 solere.

1438 259 1448 412 l—-m—s—
1442 248 1448 255 .
1446 238 1448 242 .

258 1539 269 1558 ¹
295 1539 335 1572 F.
357 1538 407 1572 W.
425 1538 627 1580 Sandfordz
654 1538 752 1579 †scis
764 1536 924 1569 Domitio
940 1536 1035 1569 diem
1050 1539 1209 1568 tumoras
1226 1535 1308 1576 est†
1335 1533 1381 1568 M
1387 1548 1396 1567 ι

213 1583 281 1615 scis
296 1582 453 1614 Domitio
468 1582 730 1618 <comitiorum>
744 1579 839 1613 diem
855 1579 973 1613 timori
989 1588 1065 1612 esse
1088 1578 1273 1612 Victorius.
1423 1599 1425 1603 ι

259 1720 275 1736 ⁰
298 1715 420 1748 Cicero
451 1714 627 1748 describes
659 1714 733 1746 him
765 1712 952 1746 elsewhere
978 1711 1036 1754 (Q.
1068 1711 1111 1744 F.
1138 1712 1174 1743 ii.
1204 1713 1257 1743 11.
1287 1710 1324 1752 2)
1356 1721 1397 1743 as

214 1759 236 1774 ‘⁸
253 1759 360 1792 homo
375 1761 486 1791 taeter
501 1761 536 1790 et
550 1756 683 1796 ferus‚”
701 1756 722 1770 ‘⁴
737 1766 760 1788 a
776 1755 972 1788 loathsome
987 1753 1060 1787 and
1076 1753 1193 1787 bruta]
1209 1753 1362 1787 fellow.”

260 1803 274 1823 ⁶
298 1802 451 1844 Against
481 1799 678 1838 unnatural¹
703 1800 840 1832 crimes.
888 1797 964 1830 The
994 1796 1077 1830 date
1109 1796 1149 1830 of
1177 1796 1238 1829 the
1267 1796 1336 1830 law
1368 1797 1397 1828 is
1420 1839 1422 1841 ‚

214 1844 408 1882 unknown,
424 1844 490 1878 but
506 1845 533 1877 it
548 1854 620 1876 was
636 1841 762 1885 passed
779 1841 829 1883 by
845 1841 904 1874 the
919 1840 1062 1873 tribune
1077 1839 1293 1872 Scantinius.
1422 1842 1437 1881 ’ζ

264 1893 277 1909 ⁰
298 1887 384 1921 This
397 1887 665 1930 appropriation
681 1886 722 1918 of
738 1884 861 1928 public
883 1886 1054 1927 property
1075 1892 1146 1915 was
1169 1881 1395 1926 particularly
1419 1887 1432 1931 ’'-

213 1930 427 1964 scandalous
444 1931 479 1963 in
494 1940 517 1963 a
532 1929 676 1963 Censor.
1418 1939 1420 1941 ’

218 1985 288 2019 162
