1430 2242
592 63 792 102 CICERO

96 178 190 211 non,
217 165 399 204 exsulem
424 179 511 205 esse
537 180 619 206 non
642 168 955 206 incommodiore
978 166 1079 213 loco,
1105 180 1228 219 quam
1253 169 1286 205 si

57 240 78 272 6
96 234 284 274 Rhodum
299 242 371 275 aut
388 237 609 289 Mitylenas
624 250 690 275 me
706 237 977 276 contulissem.
1020 237 1134 275 Haec
1147 242 1285 275 tecum

95 319 230 344 coram
251 307 472 345 malueram
491 320 501 353 3
537 308 610 346 sed
631 310 726 359 quia
746 307 904 360 longius
925 307 1064 354 fiebat,
1086 306 1192 346 volui
1212 319 1286 358 per

95 375 251 415 litteras
282 377 439 423 eadem,
462 383 510 416 ut
536 378 720 424 haberes,
750 378 847 430 quid
873 378 1042 424 diceres,
1063 380 1097 416 si
1124 376 1285 429 quando

97 448 140 484 in
171 450 465 498 vituperatores
499 462 609 487 meos
642 449 859 487 incidisses.
912 448 1016 487 Sunt
1049 450 1170 493 enim,
1202 449 1284 498 qui,

97 530 189 555 cum
202 531 317 557 meus
330 521 519 557 interitus
533 518 631 557 nihil
644 518 768 557 fuerit
782 517 1024 570 reipublicae
1038 517 1284 570 profuturus,

96 590 270 627 criminis
293 589 379 627 loco
401 595 551 640 putent
575 602 676 635 esse,
700 590 809 641 quod
831 593 975 628 vivam.
1029 589 1184 637 Quibus
1208 599 1285 638 ego

96 665 208 697 certo
226 662 307 698 scio
327 673 407 698 non
426 659 551 698 videri
571 662 668 698 satis
686 660 834 698 multos
852 662 1004 711 perisse
1022 672 1032 705 ;
1066 661 1149 710 qui,
1167 660 1200 696 si
1218 670 1284 695 me

95 729 317 776 audissent,
338 733 519 782 quamvis
539 733 677 782 iniqua
695 744 810 782 pace,
829 730 1000 769 honeste
1020 735 1161 768 tamen
1178 731 1285 766 vive-

94 806 187 838 rent
205 813 215 846 ;
266 803 386 838 armis
425 803 532 839 enim
568 801 790 847 inferiores,
826 814 908 839 non
943 812 1064 838 causa
1099 798 1284 838 fuissent.

95 870 234 909 Habes
261 871 476 922 epistulam
499 871 770 910 verbosiorem
793 870 978 916 fortasse,
1001 883 1124 921 quam
1147 868 1284 908 velles.

95 941 216 989 Quod
250 942 325 980 tibi
361 944 420 979 ita
454 942 581 980 videri
615 942 783 992 putabo,
819 943 894 980 nisi
930 940 1027 979 mihi
1062 940 1284 992 longiorem

94 1014 307 1050 remiseris.
361 1012 463 1063 Ego,
507 1014 554 1058 si,
599 1025 705 1062 quae
749 1011 853 1058 volo,
897 1011 1128 1063 expediero,
1172 1010 1285 1049 brevi

95 1087 280 1133 tempore
298 1087 357 1127 te,
375 1087 422 1120 ut
439 1095 570 1133 spero,
588 1083 747 1121 videbo.

663 1272 722 1312 IV

427 1391 474 1419 Μ.
499 1392 538 1420 Τ.
565 1393 600 1420 C.
627 1392 658 1418 S.
686 1393 726 1418 D.
753 1391 799 1418 M,
826 1391 954 1417 MAmo

509 1477 657 1516 Romae,
674 1487 780 1510 A.u.c.
798 1479 876 1510 708.

147 1561 200 1602 A.
222 1561 263 1600 d.
288 1574 342 1600 1x.
370 1561 460 1600 Kal.
485 1564 527 1599 in
551 1561 778 1599 Cumanum
800 1563 893 1599 veni
916 1574 1009 1599 cum
1033 1560 1188 1598 Libone
1211 1563 1285 1598 tuo

94 1632 159 1671 vel
191 1638 327 1670 nostro
358 1634 507 1683 potius.
562 1631 610 1669 In
643 1631 932 1682 Pompeianum
965 1633 1105 1669 statim
1135 1632 1284 1681 cogito,

96 1703 169 1741 sed
182 1701 328 1740 faciam
344 1707 441 1740 ante
456 1706 500 1740 te
516 1703 741 1740 certiorem.
794 1701 852 1739 Te
868 1714 959 1738 cum
975 1712 1134 1750 semper
1148 1698 1283 1737 valere

95 1775 226 1823 cupio,
266 1778 357 1811 tum
392 1777 518 1818 certe,
554 1771 653 1810 dum
688 1771 753 1811 hic
789 1784 940 1809 sumus.
998 1769 1121 1808 Vides
1159 1772 1282 1816 enim,

144 1904 161 1920 ⁰
184 1899 450 1933 Father-in-law
461 1899 501 1933 of
514 1899 640 1933 Sextus
652 1898 854 1941 Pompeius.
900 1897 968 1931 His
981 1898 1082 1931 sister
1096 1895 1281 1930 Scribonia

97 1955 170 1977 was
184 1944 245 1976 the
261 1942 340 1976 wife
356 1943 396 1975 of
410 1943 606 1986 Aug-ustus.

102 2001 152 2034 20
