<?xml version="1.0" encoding="UTF-8"?>
<!DOCTYPE html PUBLIC "-//W3C//DTD XHTML 1.0 Transitional//EN"
    "http://www.w3.org/TR/xhtml1/DTD/xhtml1-transitional.dtd">
<html xmlns="http://www.w3.org/1999/xhtml" xml:lang="en" lang="en">
 <head>
  <title>
</title>
<meta http-equiv="Content-Type" content="text/html;charset=utf-8" />
  <meta name='ocr-system' content='tesseract 3.04.00' />
  <meta name='ocr-capabilities' content='ocr_page ocr_carea ocr_par ocr_line ocrx_word'/>
</head>
<body>
  <div class='ocr_page' id='page_1' title='image "./letterstohisfrie02ciceuoft_0182.png"; bbox 0 0 1448 2236; ppageno 0'>
   <div class='ocr_carea' id='block_1_1' title="bbox 659 53 861 92">
    <p class='ocr_par' dir='ltr' id='par_1_1' title="bbox 659 53 861 92">
     <span class='ocr_line' id='line_1_1' title="bbox 659 53 861 92; baseline 0 0"><span class='ocrx_word' id='word_1_1' title='bbox 659 53 861 92; x_wconf 81' lang='lat' dir='ltr'>CICERO</span> 
     </span>
    </p>
   </div>
   <div class='ocr_carea' id='block_1_2' title="bbox 125 156 1358 1493">
    <p class='ocr_par' dir='ltr' id='par_1_2' title="bbox 125 156 1358 1493">
     <span class='ocr_line' id='line_1_2' title="bbox 163 156 1356 209; baseline 0.001 -13"><span class='ocrx_word' id='word_1_2' title='bbox 163 156 385 196; x_wconf 85' lang='lat' dir='ltr'>velificatus</span> <span class='ocrx_word' id='word_1_3' title='bbox 418 157 535 195; x_wconf 88' lang='lat' dir='ltr'>alicui</span> <span class='ocrx_word' id='word_1_4' title='bbox 568 157 710 195; x_wconf 85' lang='lat' dir='ltr'>dicaris</span> <span class='ocrx_word' id='word_1_5' title='bbox 742 162 816 195; x_wconf 90' lang='lat' dir='ltr'>aut</span> <span class='ocrx_word' id='word_1_6' title='bbox 848 157 1011 208; x_wconf 86' lang='lat' dir='ltr'>aliquid,</span> <span class='ocrx_word' id='word_1_7' title='bbox 1044 157 1153 209; x_wconf 91' lang='lat' dir='ltr'>quod</span> <span class='ocrx_word' id='word_1_8' title='bbox 1184 157 1356 197; x_wconf 83' lang='lat' dir='ltr'>referret</span> 
     </span>
     <span class='ocr_line' id='line_1_3' title="bbox 125 211 1355 263; baseline 0.001 -14"><span class='ocrx_word' id='word_1_9' title='bbox 125 217 146 249; x_wconf 87' lang='lat'><strong>3</strong></span> <span class='ocrx_word' id='word_1_10' title='bbox 164 214 278 257; x_wconf 91' lang='lat' dir='ltr'>scire,</span> <span class='ocrx_word' id='word_1_11' title='bbox 293 213 515 249; x_wconf 82' lang='lat' dir='ltr'>reticuisse.</span> <span class='ocrx_word' id='word_1_12' title='bbox 569 211 685 248; x_wconf 92' lang='lat' dir='ltr'>Nunc</span> <span class='ocrx_word' id='word_1_13' title='bbox 703 213 835 249; x_wconf 86' lang='lat' dir='ltr'>exitus</span> <span class='ocrx_word' id='word_1_14' title='bbox 852 217 915 249; x_wconf 92' lang='lat' dir='ltr'>est</span> <span class='ocrx_word' id='word_1_15' title='bbox 931 214 1022 249; x_wconf 92' lang='lat' dir='ltr'>anni</span> <span class='ocrx_word' id='word_1_16' title='bbox 1041 224 1052 257; x_wconf 93' lang='lat'>;</span> <span class='ocrx_word' id='word_1_17' title='bbox 1081 225 1176 249; x_wconf 90' lang='lat' dir='ltr'>nam</span> <span class='ocrx_word' id='word_1_18' title='bbox 1193 224 1269 263; x_wconf 87' lang='lat' dir='ltr'>ego</span> <span class='ocrx_word' id='word_1_19' title='bbox 1283 212 1355 250; x_wconf 86' lang='lat' dir='ltr'>has</span> 
     </span>
     <span class='ocr_line' id='line_1_4' title="bbox 166 264 1354 315; baseline 0 -12"><span class='ocrx_word' id='word_1_20' title='bbox 166 264 325 303; x_wconf 80' lang='lat' dir='ltr'>litteras</span> <span class='ocrx_word' id='word_1_21' title='bbox 347 278 383 303; x_wconf 91' lang='lat' dir='ltr'>a.</span> <span class='ocrx_word' id='word_1_22' title='bbox 405 265 446 303; x_wconf 89' lang='lat' dir='ltr'>d.</span> <span class='ocrx_word' id='word_1_23' title='bbox 467 277 546 302; x_wconf 80' lang='lat' dir='ltr'>xlv.</span> <span class='ocrx_word' id='word_1_24' title='bbox 573 264 663 302; x_wconf 91' lang='lat' dir='ltr'>Kal.</span> <span class='ocrx_word' id='word_1_25' title='bbox 687 264 885 303; x_wconf 89' lang='lat' dir='ltr'>Deeemb.</span> <span class='ocrx_word' id='word_1_26' title='bbox 907 267 1057 315; x_wconf 87' lang='lat' dir='ltr'>scripsi.</span> <span class='ocrx_word' id='word_1_27' title='bbox 1111 264 1236 303; x_wconf 86' lang='lat' dir='ltr'>Plane</span> <span class='ocrx_word' id='word_1_28' title='bbox 1257 265 1354 303; x_wconf 90' lang='lat' dir='ltr'>nihil</span> 
     </span>
     <span class='ocr_line' id='line_1_5' title="bbox 164 317 1356 369; baseline -0.001 -12"><span class='ocrx_word' id='word_1_29' title='bbox 164 319 281 357; x_wconf 89' lang='lat' dir='ltr'>video</span> <span class='ocrx_word' id='word_1_30' title='bbox 298 324 394 356; x_wconf 91' lang='lat' dir='ltr'>ante</span> <span class='ocrx_word' id='word_1_31' title='bbox 413 317 503 356; x_wconf 86' lang='lat' dir='ltr'>Kal.</span> <span class='ocrx_word' id='word_1_32' title='bbox 519 319 545 357; x_wconf 88' lang='lat' dir='ltr'>J</span> <span class='ocrx_word' id='word_1_33' title='bbox 548 331 686 356; x_wconf 88' lang='lat' dir='ltr'>anuar.</span> <span class='ocrx_word' id='word_1_34' title='bbox 704 321 769 369; x_wconf 87' lang='lat' dir='ltr'>agi</span> <span class='ocrx_word' id='word_1_35' title='bbox 783 331 915 368; x_wconf 89' lang='lat' dir='ltr'>posse.</span> <span class='ocrx_word' id='word_1_36' title='bbox 969 318 1086 356; x_wconf 87' lang='lat' dir='ltr'>Nosti</span> <span class='ocrx_word' id='word_1_37' title='bbox 1103 318 1356 364; x_wconf 88' lang='lat' dir='ltr'>Marcellum,</span> 
     </span>
     <span class='ocr_line' id='line_1_6' title="bbox 165 371 1356 423; baseline 0.001 -14"><span class='ocrx_word' id='word_1_38' title='bbox 165 385 287 423; x_wconf 87' lang='lat' dir='ltr'>quam</span> <span class='ocrx_word' id='word_1_39' title='bbox 316 372 455 410; x_wconf 90' lang='lat' dir='ltr'>tardus</span> <span class='ocrx_word' id='word_1_40' title='bbox 480 378 523 410; x_wconf 92' lang='lat' dir='ltr'>et</span> <span class='ocrx_word' id='word_1_41' title='bbox 544 385 688 422; x_wconf 86' lang='lat' dir='ltr'>parum</span> <span class='ocrx_word' id='word_1_42' title='bbox 716 372 856 410; x_wconf 85' lang='lat' dir='ltr'>efficax</span> <span class='ocrx_word' id='word_1_43' title='bbox 884 374 950 417; x_wconf 83' lang='lat' dir='ltr'>sit,</span> <span class='ocrx_word' id='word_1_44' title='bbox 978 374 1160 423; x_wconf 89' lang='lat' dir='ltr'>itemque</span> <span class='ocrx_word' id='word_1_45' title='bbox 1183 371 1356 418; x_wconf 88' lang='lat' dir='ltr'>Servius,</span> 
     </span>
     <span class='ocr_line' id='line_1_7' title="bbox 164 425 1356 477; baseline 0.001 -14"><span class='ocrx_word' id='word_1_46' title='bbox 164 439 288 477; x_wconf 90' lang='lat' dir='ltr'>quam</span> <span class='ocrx_word' id='word_1_47' title='bbox 326 431 550 464; x_wconf 88' lang='lat' dir='ltr'>cunctator.</span> <span class='ocrx_word' id='word_1_48' title='bbox 604 425 836 464; x_wconf 89' lang='lat' dir='ltr'>Cuiusmodi</span> <span class='ocrx_word' id='word_1_49' title='bbox 874 431 994 476; x_wconf 88' lang='lat' dir='ltr'>putas</span> <span class='ocrx_word' id='word_1_50' title='bbox 1032 425 1105 463; x_wconf 91' lang='lat' dir='ltr'>hos</span> <span class='ocrx_word' id='word_1_51' title='bbox 1145 438 1246 472; x_wconf 90' lang='lat' dir='ltr'>esse,</span> <span class='ocrx_word' id='word_1_52' title='bbox 1285 432 1356 464; x_wconf 90' lang='lat' dir='ltr'>aut</span> 
     </span>
     <span class='ocr_line' id='line_1_8' title="bbox 164 479 1355 531; baseline 0 -14"><span class='ocrx_word' id='word_1_53' title='bbox 164 493 288 531; x_wconf 88' lang='lat' dir='ltr'>quam</span> <span class='ocrx_word' id='word_1_54' title='bbox 323 480 377 525; x_wconf 89' lang='lat' dir='ltr'>id,</span> <span class='ocrx_word' id='word_1_55' title='bbox 414 480 522 530; x_wconf 91' lang='lat' dir='ltr'>quod</span> <span class='ocrx_word' id='word_1_56' title='bbox 557 479 699 525; x_wconf 90' lang='lat' dir='ltr'>nolint,</span> <span class='ocrx_word' id='word_1_57' title='bbox 735 479 931 517; x_wconf 88' lang='lat' dir='ltr'>conficere</span> <span class='ocrx_word' id='word_1_58' title='bbox 965 492 1097 530; x_wconf 84' lang='lat' dir='ltr'>posse,</span> <span class='ocrx_word' id='word_1_59' title='bbox 1133 482 1216 529; x_wconf 86' lang='lat' dir='ltr'>qui,</span> <span class='ocrx_word' id='word_1_60' title='bbox 1251 492 1355 530; x_wconf 91' lang='lat' dir='ltr'>quae</span> 
     </span>
     <span class='ocr_line' id='line_1_9' title="bbox 163 532 1356 584; baseline 0 -13"><span class='ocrx_word' id='word_1_61' title='bbox 163 536 345 584; x_wconf 85' lang='lat' dir='ltr'>cupiunt,</span> <span class='ocrx_word' id='word_1_62' title='bbox 380 539 521 571; x_wconf 89' lang='lat' dir='ltr'>tamen</span> <span class='ocrx_word' id='word_1_63' title='bbox 553 535 612 571; x_wconf 89' lang='lat' dir='ltr'>ita</span> <span class='ocrx_word' id='word_1_64' title='bbox 644 532 790 583; x_wconf 81' lang='lat' dir='ltr'>frigide</span> <span class='ocrx_word' id='word_1_65' title='bbox 825 537 966 584; x_wconf 89' lang='lat' dir='ltr'>agunt,</span> <span class='ocrx_word' id='word_1_66' title='bbox 1000 538 1047 571; x_wconf 93' lang='lat' dir='ltr'>ut</span> <span class='ocrx_word' id='word_1_67' title='bbox 1080 532 1186 570; x_wconf 91' lang='lat' dir='ltr'>nolle</span> <span class='ocrx_word' id='word_1_68' title='bbox 1221 535 1356 571; x_wconf 86' lang='lat' dir='ltr'>existi-</span> 
     </span>
     <span class='ocr_line' id='line_1_10' title="bbox 164 586 1356 637; baseline -0.001 -12"><span class='ocrx_word' id='word_1_69' title='bbox 164 587 360 625; x_wconf 86' lang='lat' dir='ltr'>mentur?</span> <span class='ocrx_word' id='word_1_70' title='bbox 415 587 536 625; x_wconf 91' lang='lat' dir='ltr'>Novis</span> <span class='ocrx_word' id='word_1_71' title='bbox 561 587 864 637; x_wconf 86' lang='lat' dir='ltr'>magistratibus</span> <span class='ocrx_word' id='word_1_72' title='bbox 890 591 1043 631; x_wconf 90' lang='lat' dir='ltr'>autem,</span> <span class='ocrx_word' id='word_1_73' title='bbox 1067 589 1100 624; x_wconf 92' lang='lat' dir='ltr'>si</span> <span class='ocrx_word' id='word_1_74' title='bbox 1125 586 1356 624; x_wconf 89' lang='lat' dir='ltr'>Parthicum</span> 
     </span>
     <span class='ocr_line' id='line_1_11' title="bbox 164 640 1355 690; baseline 0.001 -12"><span class='ocrx_word' id='word_1_75' title='bbox 164 641 316 679; x_wconf 91' lang='lat' dir='ltr'>bellum</span> <span class='ocrx_word' id='word_1_76' title='bbox 350 643 440 686; x_wconf 90' lang='lat' dir='ltr'>erit,</span> <span class='ocrx_word' id='word_1_77' title='bbox 472 640 572 678; x_wconf 89' lang='lat' dir='ltr'>haee</span> <span class='ocrx_word' id='word_1_78' title='bbox 605 654 725 678; x_wconf 90' lang='lat' dir='ltr'>causa</span> <span class='ocrx_word' id='word_1_79' title='bbox 756 643 905 690; x_wconf 85' lang='lat' dir='ltr'>primos</span> <span class='ocrx_word' id='word_1_80' title='bbox 938 653 1097 678; x_wconf 89' lang='lat' dir='ltr'>menses</span> <span class='ocrx_word' id='word_1_81' title='bbox 1130 641 1355 690; x_wconf 80' lang='lat' dir='ltr'>occupabit.</span> 
     </span>
     <span class='ocr_line' id='line_1_12' title="bbox 164 693 1356 739; baseline 0 -7"><span class='ocrx_word' id='word_1_82' title='bbox 164 694 234 732; x_wconf 92' lang='lat' dir='ltr'>Sin</span> <span class='ocrx_word' id='word_1_83' title='bbox 257 700 397 732; x_wconf 88' lang='lat' dir='ltr'>autem</span> <span class='ocrx_word' id='word_1_84' title='bbox 417 707 499 732; x_wconf 91' lang='lat' dir='ltr'>non</span> <span class='ocrx_word' id='word_1_85' title='bbox 521 697 598 732; x_wconf 91' lang='lat' dir='ltr'>erit</span> <span class='ocrx_word' id='word_1_86' title='bbox 619 696 709 732; x_wconf 89' lang='lat' dir='ltr'>istic</span> <span class='ocrx_word' id='word_1_87' title='bbox 731 693 896 739; x_wconf 90' lang='lat' dir='ltr'>bellum,</span> <span class='ocrx_word' id='word_1_88' title='bbox 919 699 991 732; x_wconf 90' lang='lat' dir='ltr'>aut</span> <span class='ocrx_word' id='word_1_89' title='bbox 1012 699 1175 731; x_wconf 88' lang='lat' dir='ltr'>tantum</span> <span class='ocrx_word' id='word_1_90' title='bbox 1198 696 1288 739; x_wconf 88' lang='lat' dir='ltr'>erit,</span> <span class='ocrx_word' id='word_1_91' title='bbox 1309 699 1356 732; x_wconf 90' lang='lat' dir='ltr'>ut</span> 
     </span>
     <span class='ocr_line' id='line_1_13' title="bbox 163 747 1356 798; baseline -0.001 -12"><span class='ocrx_word' id='word_1_92' title='bbox 163 761 234 786; x_wconf 90' lang='lat' dir='ltr'>vos</span> <span class='ocrx_word' id='word_1_93' title='bbox 263 754 335 786; x_wconf 90' lang='lat' dir='ltr'>aut</span> <span class='ocrx_word' id='word_1_94' title='bbox 364 761 625 793; x_wconf 89' lang='lat' dir='ltr'>successores,</span> <span class='ocrx_word' id='word_1_95' title='bbox 654 750 785 798; x_wconf 89' lang='lat' dir='ltr'>parvis</span> <span class='ocrx_word' id='word_1_96' title='bbox 816 747 963 785; x_wconf 90' lang='lat' dir='ltr'>additis</span> <span class='ocrx_word' id='word_1_97' title='bbox 992 749 1129 797; x_wconf 80' lang='lat' dir='ltr'>copiis,</span> <span class='ocrx_word' id='word_1_98' title='bbox 1158 749 1356 785; x_wconf 85' lang='lat' dir='ltr'>sustinere</span> 
     </span>
     <span class='ocr_line' id='line_1_14' title="bbox 163 800 1356 853; baseline -0.002 -13"><span class='ocrx_word' id='word_1_99' title='bbox 163 804 333 853; x_wconf 90' lang='lat' dir='ltr'>possint,</span> <span class='ocrx_word' id='word_1_100' title='bbox 366 801 582 839; x_wconf 91' lang='lat' dir='ltr'>Curionem</span> <span class='ocrx_word' id='word_1_101' title='bbox 613 802 730 839; x_wconf 87' lang='lat' dir='ltr'>video</span> <span class='ocrx_word' id='word_1_102' title='bbox 763 814 807 839; x_wconf 89' lang='lat' dir='ltr'>se</span> <span class='ocrx_word' id='word_1_103' title='bbox 839 800 1053 850; x_wconf 86' lang='lat' dir='ltr'>dupliciter</span> <span class='ocrx_word' id='word_1_104' title='bbox 1083 803 1356 846; x_wconf 79' lang='lat' dir='ltr'>iactaturum3</span> 
     </span>
     <span class='ocr_line' id='line_1_15' title="bbox 164 854 1358 906; baseline -0.001 -13"><span class='ocrx_word' id='word_1_105' title='bbox 164 858 352 906; x_wconf 90' lang='lat' dir='ltr'>primum,</span> <span class='ocrx_word' id='word_1_106' title='bbox 379 861 426 893; x_wconf 93' lang='lat' dir='ltr'>ut</span> <span class='ocrx_word' id='word_1_107' title='bbox 452 855 604 906; x_wconf 90' lang='lat' dir='ltr'>aliquid</span> <span class='ocrx_word' id='word_1_108' title='bbox 630 854 791 892; x_wconf 83' lang='lat' dir='ltr'>Caesari</span> <span class='ocrx_word' id='word_1_109' title='bbox 819 855 986 899; x_wconf 86' lang='lat' dir='ltr'>adimat,</span> <span class='ocrx_word' id='word_1_110' title='bbox 1012 854 1106 892; x_wconf 90' lang='lat' dir='ltr'>inde</span> <span class='ocrx_word' id='word_1_111' title='bbox 1133 860 1180 892; x_wconf 92' lang='lat' dir='ltr'>ut</span> <span class='ocrx_word' id='word_1_112' title='bbox 1205 854 1358 905; x_wconf 88' lang='lat' dir='ltr'>aliquid</span> 
     </span>
     <span class='ocr_line' id='line_1_16' title="bbox 165 907 1357 960; baseline -0.002 -13"><span class='ocrx_word' id='word_1_113' title='bbox 165 909 358 960; x_wconf 91' lang='lat' dir='ltr'>Pompeio</span> <span class='ocrx_word' id='word_1_114' title='bbox 393 909 561 954; x_wconf 87' lang='lat' dir='ltr'>tribuat,</span> <span class='ocrx_word' id='word_1_115' title='bbox 595 908 762 959; x_wconf 87' lang='lat' dir='ltr'>quodvis</span> <span class='ocrx_word' id='word_1_116' title='bbox 797 907 1022 959; x_wconf 85' lang='lat' dir='ltr'>quamlibet</span> <span class='ocrx_word' id='word_1_117' title='bbox 1055 913 1181 946; x_wconf 86' lang='lat' dir='ltr'>tenue</span> <span class='ocrx_word' id='word_1_118' title='bbox 1214 921 1357 945; x_wconf 92' lang='lat' dir='ltr'>munu-</span> 
     </span>
     <span class='ocr_line' id='line_1_17' title="bbox 164 961 1358 1012; baseline -0.003 -11"><span class='ocrx_word' id='word_1_119' title='bbox 164 963 333 1002; x_wconf 88' lang='lat' dir='ltr'>sculum.</span> <span class='ocrx_word' id='word_1_120' title='bbox 387 962 548 1000; x_wconf 90' lang='lat' dir='ltr'>Paullus</span> <span class='ocrx_word' id='word_1_121' title='bbox 583 975 702 1012; x_wconf 86' lang='lat' dir='ltr'>porro</span> <span class='ocrx_word' id='word_1_122' title='bbox 738 975 819 999; x_wconf 91' lang='lat' dir='ltr'>non</span> <span class='ocrx_word' id='word_1_123' title='bbox 854 961 1031 999; x_wconf 84' lang='lat' dir='ltr'>humane</span> <span class='ocrx_word' id='word_1_124' title='bbox 1067 962 1119 999; x_wconf 92' lang='lat' dir='ltr'>de</span> <span class='ocrx_word' id='word_1_125' title='bbox 1154 964 1358 1012; x_wconf 86' lang='lat' dir='ltr'>provincia</span> 
     </span>
     <span class='ocr_line' id='line_1_18' title="bbox 165 1015 1356 1067; baseline -0.003 -12"><span class='ocrx_word' id='word_1_126' title='bbox 165 1017 355 1067; x_wconf 83' lang='lat' dir='ltr'>loquitur.</span> <span class='ocrx_word' id='word_1_127' title='bbox 410 1016 540 1053; x_wconf 92' lang='lat' dir='ltr'>Huius</span> <span class='ocrx_word' id='word_1_128' title='bbox 574 1016 787 1065; x_wconf 88' lang='lat' dir='ltr'>cupiditati</span> <span class='ocrx_word' id='word_1_129' title='bbox 821 1028 1053 1053; x_wconf 90' lang='lat' dir='ltr'>occursurus</span> <span class='ocrx_word' id='word_1_130' title='bbox 1091 1020 1154 1052; x_wconf 88' lang='lat' dir='ltr'>est</span> <span class='ocrx_word' id='word_1_131' title='bbox 1188 1015 1356 1053; x_wconf 87' lang='lat' dir='ltr'>Furnius</span> 
     </span>
     <span class='ocr_line' id='line_1_19' title="bbox 126 1068 1355 1120; baseline -0.002 -12"><span class='ocrx_word' id='word_1_132' title='bbox 126 1077 147 1107; x_wconf 87' lang='lat'>4</span> <span class='ocrx_word' id='word_1_133' title='bbox 165 1076 327 1115; x_wconf 80' lang='lat' dir='ltr'>noster3</span> <span class='ocrx_word' id='word_1_134' title='bbox 369 1069 503 1120; x_wconf 91' lang='lat' dir='ltr'>plures</span> <span class='ocrx_word' id='word_1_135' title='bbox 541 1071 732 1119; x_wconf 88' lang='lat' dir='ltr'>suspicari</span> <span class='ocrx_word' id='word_1_136' title='bbox 763 1082 844 1106; x_wconf 92' lang='lat' dir='ltr'>non</span> <span class='ocrx_word' id='word_1_137' title='bbox 875 1082 1052 1119; x_wconf 88' lang='lat' dir='ltr'>possum.</span> <span class='ocrx_word' id='word_1_138' title='bbox 1106 1068 1219 1106; x_wconf 86' lang='lat' dir='ltr'>Haec</span> <span class='ocrx_word' id='word_1_139' title='bbox 1251 1071 1355 1106; x_wconf 89' lang='lat' dir='ltr'>novi.</span> 
     </span>
     <span class='ocr_line' id='line_1_20' title="bbox 165 1121 1357 1174; baseline -0.002 -12"><span class='ocrx_word' id='word_1_140' title='bbox 165 1124 271 1169; x_wconf 88' lang='lat' dir='ltr'>Alia,</span> <span class='ocrx_word' id='word_1_141' title='bbox 285 1136 390 1174; x_wconf 93' lang='lat' dir='ltr'>quae</span> <span class='ocrx_word' id='word_1_142' title='bbox 402 1128 572 1174; x_wconf 82' lang='lat' dir='ltr'>possunt-</span> <span class='ocrx_word' id='word_1_143' title='bbox 586 1123 781 1168; x_wconf 88' lang='lat' dir='ltr'>accidere,</span> <span class='ocrx_word' id='word_1_144' title='bbox 794 1136 875 1160; x_wconf 93' lang='lat' dir='ltr'>non</span> <span class='ocrx_word' id='word_1_145' title='bbox 887 1135 1020 1160; x_wconf 90' lang='lat' dir='ltr'>cerno.</span> <span class='ocrx_word' id='word_1_146' title='bbox 1047 1121 1183 1159; x_wconf 88' lang='lat' dir='ltr'>Multa</span> <span class='ocrx_word' id='word_1_147' title='bbox 1195 1127 1357 1172; x_wconf 90' lang='lat' dir='ltr'>tempus</span> 
     </span>
     <span class='ocr_line' id='line_1_21' title="bbox 166 1175 1357 1227; baseline -0.003 -11"><span class='ocrx_word' id='word_1_148' title='bbox 166 1177 309 1216; x_wconf 90' lang='lat' dir='ltr'>afferre</span> <span class='ocrx_word' id='word_1_149' title='bbox 337 1183 379 1215; x_wconf 87' lang='lat' dir='ltr'>et</span> <span class='ocrx_word' id='word_1_150' title='bbox 405 1182 648 1227; x_wconf 90' lang='lat' dir='ltr'>praeparata</span> <span class='ocrx_word' id='word_1_151' title='bbox 673 1182 833 1214; x_wconf 88' lang='lat' dir='ltr'>mutare</span> <span class='ocrx_word' id='word_1_152' title='bbox 859 1178 953 1214; x_wconf 89' lang='lat' dir='ltr'>scio.</span> <span class='ocrx_word' id='word_1_153' title='bbox 1006 1175 1087 1214; x_wconf 89' lang='lat' dir='ltr'>Sed</span> <span class='ocrx_word' id='word_1_154' title='bbox 1118 1178 1225 1213; x_wconf 88' lang='lat' dir='ltr'>intra</span> <span class='ocrx_word' id='word_1_155' title='bbox 1257 1175 1357 1213; x_wconf 90' lang='lat' dir='ltr'>fines</span> 
     </span>
     <span class='ocr_line' id='line_1_22' title="bbox 165 1228 1356 1282; baseline -0.002 -13"><span class='ocrx_word' id='word_1_156' title='bbox 165 1231 251 1276; x_wconf 94' lang='lat' dir='ltr'>hos,</span> <span class='ocrx_word' id='word_1_157' title='bbox 278 1243 559 1282; x_wconf 88' lang='lat' dir='ltr'>quaecumque</span> <span class='ocrx_word' id='word_1_158' title='bbox 586 1230 817 1275; x_wconf 86' lang='lat' dir='ltr'>acciderint,</span> <span class='ocrx_word' id='word_1_159' title='bbox 843 1235 1067 1267; x_wconf 89' lang='lat' dir='ltr'>vertentur.</span> <span class='ocrx_word' id='word_1_160' title='bbox 1122 1228 1227 1267; x_wconf 90' lang='lat' dir='ltr'>Illud</span> <span class='ocrx_word' id='word_1_161' title='bbox 1251 1229 1356 1267; x_wconf 83' lang='lat' dir='ltr'>addo</span> 
     </span>
     <span class='ocr_line' id='line_1_23' title="bbox 165 1282 1356 1334; baseline -0.002 -11"><span class='ocrx_word' id='word_1_162' title='bbox 165 1285 219 1324; x_wconf 89' lang='lat' dir='ltr'>ad</span> <span class='ocrx_word' id='word_1_163' title='bbox 242 1287 421 1322; x_wconf 84' lang='lat' dir='ltr'>actiones</span> <span class='ocrx_word' id='word_1_164' title='bbox 445 1283 490 1322; x_wconf 90' lang='lat' dir='ltr'>C.</span> <span class='ocrx_word' id='word_1_165' title='bbox 515 1283 710 1329; x_wconf 89' lang='lat' dir='ltr'>Curionis,</span> <span class='ocrx_word' id='word_1_166' title='bbox 734 1283 785 1321; x_wconf 93' lang='lat' dir='ltr'>de</span> <span class='ocrx_word' id='word_1_167' title='bbox 810 1296 906 1334; x_wconf 88' lang='lat' dir='ltr'>agro</span> <span class='ocrx_word' id='word_1_168' title='bbox 930 1282 1164 1332; x_wconf 90' lang='lat' dir='ltr'>Campano;</span> <span class='ocrx_word' id='word_1_169' title='bbox 1201 1282 1254 1320; x_wconf 92' lang='lat' dir='ltr'>de</span> <span class='ocrx_word' id='word_1_170' title='bbox 1277 1295 1356 1333; x_wconf 93' lang='lat' dir='ltr'>quo</span> 
     </span>
     <span class='ocr_line' id='line_1_24' title="bbox 166 1335 1356 1389; baseline -0.002 -13"><span class='ocrx_word' id='word_1_171' title='bbox 166 1344 321 1389; x_wconf 88' lang='lat' dir='ltr'>negant</span> <span class='ocrx_word' id='word_1_172' title='bbox 361 1337 576 1376; x_wconf 89' lang='lat' dir='ltr'>Caesarem</span> <span class='ocrx_word' id='word_1_173' title='bbox 615 1337 811 1382; x_wconf 90' lang='lat' dir='ltr'>laborare,</span> <span class='ocrx_word' id='word_1_174' title='bbox 851 1336 923 1374; x_wconf 89' lang='lat' dir='ltr'>sed</span> <span class='ocrx_word' id='word_1_175' title='bbox 963 1336 1201 1386; x_wconf 90' lang='lat' dir='ltr'>Pompeium</span> <span class='ocrx_word' id='word_1_176' title='bbox 1239 1335 1356 1374; x_wconf 88' lang='lat' dir='ltr'>valde</span> 
     </span>
     <span class='ocr_line' id='line_1_25' title="bbox 127 1389 1357 1440; baseline -0.002 -10"><span class='ocrx_word' id='word_1_177' title='bbox 127 1398 149 1430; x_wconf 86' lang='lat'><strong>6</strong></span> <span class='ocrx_word' id='word_1_178' title='bbox 167 1392 287 1437; x_wconf 89' lang='lat' dir='ltr'>nolle,</span> <span class='ocrx_word' id='word_1_179' title='bbox 316 1405 368 1429; x_wconf 93' lang='lat' dir='ltr'>ne</span> <span class='ocrx_word' id='word_1_180' title='bbox 395 1405 544 1429; x_wconf 90' lang='lat' dir='ltr'>vacuus</span> <span class='ocrx_word' id='word_1_181' title='bbox 574 1391 805 1429; x_wconf 91' lang='lat' dir='ltr'>advenienti</span> <span class='ocrx_word' id='word_1_182' title='bbox 834 1390 996 1427; x_wconf 87' lang='lat' dir='ltr'>Caesari</span> <span class='ocrx_word' id='word_1_183' title='bbox 1027 1394 1183 1440; x_wconf 88' lang='lat' dir='ltr'>pateat.</span> <span class='ocrx_word' id='word_1_184' title='bbox 1237 1389 1357 1436; x_wconf 85' lang='lat' dir='ltr'>Quod</span> 
     </span>
     <span class='ocr_line' id='line_1_26' title="bbox 167 1443 1356 1493; baseline -0.003 -9"><span class='ocrx_word' id='word_1_185' title='bbox 167 1447 220 1484; x_wconf 89' lang='lat' dir='ltr'>ad</span> <span class='ocrx_word' id='word_1_186' title='bbox 253 1451 371 1483; x_wconf 90' lang='lat' dir='ltr'>tuum</span> <span class='ocrx_word' id='word_1_187' title='bbox 403 1446 613 1483; x_wconf 87' lang='lat' dir='ltr'>decessum</span> <span class='ocrx_word' id='word_1_188' title='bbox 647 1447 810 1489; x_wconf 83' lang='lat' dir='ltr'>attinet,</span> <span class='ocrx_word' id='word_1_189' title='bbox 844 1443 942 1481; x_wconf 92' lang='lat' dir='ltr'>illud</span> <span class='ocrx_word' id='word_1_190' title='bbox 975 1444 1048 1481; x_wconf 88' lang='lat' dir='ltr'>tibi</span> <span class='ocrx_word' id='word_1_191' title='bbox 1081 1456 1162 1481; x_wconf 92' lang='lat' dir='ltr'>non</span> <span class='ocrx_word' id='word_1_192' title='bbox 1194 1456 1356 1493; x_wconf 87' lang='lat' dir='ltr'>possum</span> 
     </span>
    </p>
   </div>
   <div class='ocr_carea' id='block_1_3' title="bbox 171 1504 1358 1971">
    <p class='ocr_par' dir='ltr' id='par_1_3' title="bbox 171 1504 1357 1590">
     <span class='ocr_line' id='line_1_27' title="bbox 217 1504 1357 1547; baseline -0.003 -7"><span class='ocrx_word' id='word_1_193' title='bbox 217 1511 233 1527; x_wconf 82' lang='lat'><strong>⁰</strong></span> <span class='ocrx_word' id='word_1_194' title='bbox 257 1507 309 1540; x_wconf 88' lang='lat' dir='ltr'>Or</span> <span class='ocrx_word' id='word_1_195' title='bbox 331 1507 352 1521; x_wconf 92' lang='grc'>“</span> <span class='ocrx_word' id='word_1_196' title='bbox 368 1507 497 1540; x_wconf 79' lang='lat' dir='ltr'>wasted</span> <span class='ocrx_word' id='word_1_197' title='bbox 519 1507 593 1539; x_wconf 86' lang='lat' dir='ltr'>him</span> <span class='ocrx_word' id='word_1_198' title='bbox 615 1518 661 1539; x_wconf 92' lang='lat' dir='ltr'>on</span> <span class='ocrx_word' id='word_1_199' title='bbox 683 1507 737 1539; x_wconf 90' lang='lat' dir='ltr'>his</span> <span class='ocrx_word' id='word_1_200' title='bbox 758 1505 875 1547; x_wconf 88' lang='lat' dir='ltr'>way,&#39;&#39;</span> <span class='ocrx_word' id='word_1_201' title='bbox 897 1506 957 1538; x_wconf 89' lang='lat' dir='ltr'>the</span> <span class='ocrx_word' id='word_1_202' title='bbox 977 1515 1143 1538; x_wconf 87' lang='lat' dir='ltr'>converse</span> <span class='ocrx_word' id='word_1_203' title='bbox 1163 1504 1272 1547; x_wconf 86' lang='lat' dir='ltr'>being</span> <span class='ocrx_word' id='word_1_204' title='bbox 1292 1515 1357 1538; x_wconf 89' lang='lat' dir='ltr'>our</span> 
     </span>
     <span class='ocr_line' id='line_1_28' title="bbox 171 1547 1168 1590; baseline -0.002 -7"><span class='ocrx_word' id='word_1_205' title='bbox 171 1550 193 1564; x_wconf 93' lang='lat'>“</span> <span class='ocrx_word' id='word_1_206' title='bbox 209 1554 246 1583; x_wconf 87' lang='lat' dir='ltr'>to</span> <span class='ocrx_word' id='word_1_207' title='bbox 262 1549 348 1583; x_wconf 82' lang='lat' dir='ltr'>take</span> <span class='ocrx_word' id='word_1_208' title='bbox 364 1550 425 1583; x_wconf 87' lang='lat' dir='ltr'>the</span> <span class='ocrx_word' id='word_1_209' title='bbox 441 1549 535 1582; x_wconf 86' lang='lat' dir='ltr'>wind</span> <span class='ocrx_word' id='word_1_210' title='bbox 553 1553 615 1583; x_wconf 86' lang='lat' dir='ltr'>out</span> <span class='ocrx_word' id='word_1_211' title='bbox 632 1549 672 1582; x_wconf 84' lang='lat' dir='ltr'>os</span> <span class='ocrx_word' id='word_1_212' title='bbox 685 1560 707 1581; x_wconf 91' lang='lat' dir='ltr'>a</span> <span class='ocrx_word' id='word_1_213' title='bbox 725 1549 839 1581; x_wconf 91' lang='lat' dir='ltr'>man&#39;s</span> <span class='ocrx_word' id='word_1_214' title='bbox 855 1548 974 1581; x_wconf 86' lang='lat' dir='ltr'>sails.&#39;’</span> <span class='ocrx_word' id='word_1_215' title='bbox 1021 1547 1168 1590; x_wconf 85' lang='lat' dir='ltr'>Tyrrell.</span> 
     </span>
    </p>

    <p class='ocr_par' dir='ltr' id='par_1_4' title="bbox 218 1590 1079 1626">
     <span class='ocr_line' id='line_1_29' title="bbox 218 1590 1079 1626; baseline -0.003 0"><span class='ocrx_word' id='word_1_216' title='bbox 218 1594 232 1614; x_wconf 55' lang='grc' dir='ltr'>ὓ</span> <span class='ocrx_word' id='word_1_217' title='bbox 254 1593 331 1626; x_wconf 88' lang='lat' dir='ltr'>The</span> <span class='ocrx_word' id='word_1_218' title='bbox 346 1593 486 1626; x_wconf 91' lang='lat' dir='ltr'>consuls</span> <span class='ocrx_word' id='word_1_219' title='bbox 502 1593 557 1625; x_wconf 88' lang='lat' dir='ltr'>for</span> <span class='ocrx_word' id='word_1_220' title='bbox 574 1595 613 1625; x_wconf 88' lang='lat'>51</span> <span class='ocrx_word' id='word_1_221' title='bbox 635 1603 700 1625; x_wconf 85' lang='lat' dir='ltr'>B.c.</span> <span class='ocrx_word' id='word_1_222' title='bbox 748 1591 815 1626; x_wconf 86' lang='lat' dir='ltr'>See</span> <span class='ocrx_word' id='word_1_223' title='bbox 830 1591 961 1624; x_wconf 89' lang='lat' dir='ltr'>Chron.</span> <span class='ocrx_word' id='word_1_224' title='bbox 979 1590 1079 1624; x_wconf 89' lang='lat' dir='ltr'>Sum.</span> 
     </span>
    </p>

    <p class='ocr_par' dir='ltr' id='par_1_5' title="bbox 220 1635 637 1669">
     <span class='ocr_line' id='line_1_30' title="bbox 220 1635 637 1669; baseline -0.005 0"><span class='ocrx_word' id='word_1_225' title='bbox 220 1641 233 1657; x_wconf 81' lang='lat'><em>⁰</em></span> <span class='ocrx_word' id='word_1_226' title='bbox 257 1636 379 1669; x_wconf 89' lang='lat' dir='ltr'>Cicero</span> <span class='ocrx_word' id='word_1_227' title='bbox 394 1636 466 1668; x_wconf 87' lang='lat' dir='ltr'>and</span> <span class='ocrx_word' id='word_1_228' title='bbox 483 1635 637 1668; x_wconf 83' lang='lat' dir='ltr'>Cassius.</span> 
     </span>
    </p>

    <p class='ocr_par' dir='ltr' id='par_1_6' title="bbox 175 1676 1358 1971">
     <span class='ocr_line' id='line_1_31' title="bbox 217 1676 1355 1717; baseline -0.003 -5"><span class='ocrx_word' id='word_1_229' title='bbox 217 1679 233 1700; x_wconf 78' lang='lat'>‘¹</span> <span class='ocrx_word' id='word_1_230' title='bbox 256 1679 428 1712; x_wconf 88' lang='lat' dir='ltr'>Aemilius</span> <span class='ocrx_word' id='word_1_231' title='bbox 452 1679 607 1717; x_wconf 90' lang='lat' dir='ltr'>Paullus,</span> <span class='ocrx_word' id='word_1_232' title='bbox 632 1677 755 1710; x_wconf 89' lang='lat' dir='ltr'>consul</span> <span class='ocrx_word' id='word_1_233' title='bbox 778 1678 861 1710; x_wconf 86' lang='lat' dir='ltr'>with</span> <span class='ocrx_word' id='word_1_234' title='bbox 885 1677 925 1710; x_wconf 92' lang='lat' dir='ltr'>C.</span> <span class='ocrx_word' id='word_1_235' title='bbox 952 1676 1153 1715; x_wconf 83' lang='lat' dir='ltr'>Marcellus,</span> <span class='ocrx_word' id='word_1_236' title='bbox 1170 1677 1206 1709; x_wconf 90' lang='lat' dir='ltr'>in</span> <span class='ocrx_word' id='word_1_237' title='bbox 1223 1676 1267 1708; x_wconf 84' lang='lat'>50</span> <span class='ocrx_word' id='word_1_238' title='bbox 1290 1687 1355 1709; x_wconf 77' lang='lat' dir='ltr'>n.c.</span> 
     </span>
     <span class='ocr_line' id='line_1_32' title="bbox 175 1719 1356 1764; baseline -0.003 -8"><span class='ocrx_word' id='word_1_239' title='bbox 175 1722 383 1764; x_wconf 82' lang='lat' dir='ltr'>According</span> <span class='ocrx_word' id='word_1_240' title='bbox 397 1725 436 1755; x_wconf 83' lang='lat' dir='ltr'>to</span> <span class='ocrx_word' id='word_1_241' title='bbox 455 1722 672 1759; x_wconf 83' lang='lat' dir='ltr'>Mommsen,</span> <span class='ocrx_word' id='word_1_242' title='bbox 695 1720 852 1757; x_wconf 84' lang='lat' dir='ltr'>Paullus,</span> <span class='ocrx_word' id='word_1_243' title='bbox 870 1722 907 1752; x_wconf 87' lang='lat' dir='ltr'>in</span> <span class='ocrx_word' id='word_1_244' title='bbox 927 1719 1088 1753; x_wconf 83' lang='lat' dir='ltr'>defiance</span> <span class='ocrx_word' id='word_1_245' title='bbox 1106 1721 1148 1752; x_wconf 90' lang='lat' dir='ltr'>of</span> <span class='ocrx_word' id='word_1_246' title='bbox 1164 1719 1356 1762; x_wconf 81' lang='lat' dir='ltr'>Pompey’s</span> 
     </span>
     <span class='ocr_line' id='line_1_33' title="bbox 178 1762 1357 1807; baseline -0.004 -8"><span class='ocrx_word' id='word_1_247' title='bbox 178 1766 247 1799; x_wconf 82' lang='lat' dir='ltr'>law</span> <span class='ocrx_word' id='word_1_248' title='bbox 273 1766 386 1798; x_wconf 91' lang='lat' dir='ltr'>about</span> <span class='ocrx_word' id='word_1_249' title='bbox 412 1776 435 1798; x_wconf 81' lang='lat' dir='ltr'>a</span> <span class='ocrx_word' id='word_1_250' title='bbox 459 1764 528 1798; x_wconf 90' lang='lat' dir='ltr'>five</span> <span class='ocrx_word' id='word_1_251' title='bbox 553 1763 671 1807; x_wconf 72' lang='lat' dir='ltr'>years*</span> <span class='ocrx_word' id='word_1_252' title='bbox 696 1763 859 1800; x_wconf 84' lang='lat' dir='ltr'>interval,</span> <span class='ocrx_word' id='word_1_253' title='bbox 885 1773 958 1796; x_wconf 87' lang='lat' dir='ltr'>was</span> <span class='ocrx_word' id='word_1_254' title='bbox 982 1762 1155 1804; x_wconf 86' lang='lat' dir='ltr'>violently</span> <span class='ocrx_word' id='word_1_255' title='bbox 1179 1764 1357 1804; x_wconf 83' lang='lat' dir='ltr'>asserting</span> 
     </span>
     <span class='ocr_line' id='line_1_34' title="bbox 178 1805 1357 1848; baseline -0.004 -6"><span class='ocrx_word' id='word_1_256' title='bbox 178 1808 258 1842; x_wconf 79' lang='lat' dir='ltr'>that</span> <span class='ocrx_word' id='word_1_257' title='bbox 287 1809 333 1841; x_wconf 91' lang='lat' dir='ltr'>he</span> <span class='ocrx_word' id='word_1_258' title='bbox 370 1807 489 1841; x_wconf 88' lang='lat' dir='ltr'>would</span> <span class='ocrx_word' id='word_1_259' title='bbox 525 1807 632 1840; x_wconf 86' lang='lat' dir='ltr'>claim</span> <span class='ocrx_word' id='word_1_260' title='bbox 669 1817 692 1839; x_wconf 89' lang='lat' dir='ltr'>a</span> <span class='ocrx_word' id='word_1_261' title='bbox 728 1807 897 1848; x_wconf 89' lang='lat' dir='ltr'>province</span> <span class='ocrx_word' id='word_1_262' title='bbox 932 1805 1180 1848; x_wconf 88' lang='lat' dir='ltr'>(presumably</span> <span class='ocrx_word' id='word_1_263' title='bbox 1217 1805 1357 1847; x_wconf 87' lang='lat' dir='ltr'>Cilicia)</span> 
     </span>
     <span class='ocr_line' id='line_1_35' title="bbox 175 1847 1357 1893; baseline -0.003 -9"><span class='ocrx_word' id='word_1_264' title='bbox 175 1851 421 1893; x_wconf 81' lang='lat' dir='ltr'>immediately</span> <span class='ocrx_word' id='word_1_265' title='bbox 444 1852 536 1884; x_wconf 81' lang='lat' dir='ltr'>after</span> <span class='ocrx_word' id='word_1_266' title='bbox 558 1850 614 1883; x_wconf 87' lang='lat' dir='ltr'>his</span> <span class='ocrx_word' id='word_1_267' title='bbox 636 1849 856 1890; x_wconf 86' lang='lat' dir='ltr'>consulship.</span> <span class='ocrx_word' id='word_1_268' title='bbox 902 1848 969 1881; x_wconf 89' lang='lat' dir='ltr'>His</span> <span class='ocrx_word' id='word_1_269' title='bbox 1000 1847 1229 1881; x_wconf 83' lang='lat' dir='ltr'>ill-balanced</span> <span class='ocrx_word' id='word_1_270' title='bbox 1248 1848 1357 1890; x_wconf 90' lang='lat' dir='ltr'>judg-</span> 
     </span>
     <span class='ocr_line' id='line_1_36' title="bbox 177 1890 1358 1935; baseline -0.003 -9"><span class='ocrx_word' id='word_1_271' title='bbox 177 1898 276 1927; x_wconf 91' lang='lat' dir='ltr'>ment</span> <span class='ocrx_word' id='word_1_272' title='bbox 292 1894 348 1935; x_wconf 87' lang='lat' dir='ltr'>(of</span> <span class='ocrx_word' id='word_1_273' title='bbox 364 1894 479 1927; x_wconf 90' lang='lat' dir='ltr'>which</span> <span class='ocrx_word' id='word_1_274' title='bbox 500 1893 609 1927; x_wconf 89' lang='lat' dir='ltr'>Curio</span> <span class='ocrx_word' id='word_1_275' title='bbox 627 1892 734 1926; x_wconf 90' lang='lat' dir='ltr'>made</span> <span class='ocrx_word' id='word_1_276' title='bbox 751 1891 884 1934; x_wconf 79' lang='lat' dir='ltr'>capital</span> <span class='ocrx_word' id='word_1_277' title='bbox 919 1893 947 1924; x_wconf 89' lang='lat' dir='ltr'>is</span> <span class='ocrx_word' id='word_1_278' title='bbox 969 1890 1174 1924; x_wconf 87' lang='lat' dir='ltr'>mentioned</span> <span class='ocrx_word' id='word_1_279' title='bbox 1193 1892 1229 1923; x_wconf 86' lang='lat' dir='ltr'>in</span> <span class='ocrx_word' id='word_1_280' title='bbox 1248 1894 1264 1928; x_wconf 66' lang='grc' dir='ltr'><strong>ἓ</strong></span> <span class='ocrx_word' id='word_1_281' title='bbox 1284 1894 1297 1923; x_wconf 95' lang='lat' dir='ltr'>l</span> <span class='ocrx_word' id='word_1_282' title='bbox 1316 1891 1358 1923; x_wconf 84' lang='lat' dir='ltr'>of</span> 
     </span>
     <span class='ocr_line' id='line_1_37' title="bbox 176 1932 1355 1971; baseline -0.003 -1"><span class='ocrx_word' id='word_1_283' title='bbox 176 1937 239 1970; x_wconf 86' lang='lat' dir='ltr'>the</span> <span class='ocrx_word' id='word_1_284' title='bbox 254 1941 338 1969; x_wconf 89' lang='lat' dir='ltr'>next</span> <span class='ocrx_word' id='word_1_285' title='bbox 354 1937 468 1971; x_wconf 85' lang='lat' dir='ltr'>letter.</span> <span class='ocrx_word' id='word_1_286' title='bbox 702 1940 715 1956; x_wconf 80' lang='lat'>¹</span> <span class='ocrx_word' id='word_1_287' title='bbox 739 1935 772 1967; x_wconf 87' lang='lat' dir='ltr'>A</span> <span class='ocrx_word' id='word_1_288' title='bbox 787 1935 877 1968; x_wconf 87' lang='lat' dir='ltr'>frien</span> <span class='ocrx_word' id='word_1_289' title='bbox 919 1934 958 1967; x_wconf 90' lang='lat' dir='ltr'>of</span> <span class='ocrx_word' id='word_1_290' title='bbox 972 1934 1135 1968; x_wconf 88' lang='lat' dir='ltr'>Cicero’s.</span> <span class='ocrx_word' id='word_1_291' title='bbox 1169 1932 1236 1967; x_wconf 88' lang='lat' dir='ltr'>See</span> <span class='ocrx_word' id='word_1_292' title='bbox 1250 1944 1284 1966; x_wconf 88' lang='lat' dir='ltr'>x.</span> <span class='ocrx_word' id='word_1_293' title='bbox 1299 1935 1355 1966; x_wconf 77' lang='lat'>25.</span> 
     </span>
    </p>
   </div>
   <div class='ocr_carea' id='block_1_4' title="bbox 183 1991 256 2025">
    <p class='ocr_par' dir='ltr' id='par_1_7' title="bbox 183 1991 256 2025">
     <span class='ocr_line' id='line_1_38' title="bbox 183 1991 256 2025; baseline 0 0"><span class='ocrx_word' id='word_1_294' title='bbox 183 1991 256 2025; x_wconf 77' lang='lat'>152</span> 
     </span>
    </p>
   </div>
  </div>
 </body>
</html>
