1448 2236
703 64 904 104 CICERO

207 167 367 217 probes,
398 168 633 217 producere.
687 168 880 206 Animum
910 169 986 207 tibi
1015 174 1198 207 nostrum
1227 167 1397 206 fortasse

206 227 463 276 probavimus
482 239 491 272 ;
521 230 730 279 ingenium
746 229 904 266 diutina
919 231 1104 274 servitus,
1119 233 1245 274 certe,
1262 227 1398 278 quale-

206 299 380 337 cumque
417 292 493 332 est,
529 290 660 325 minus
695 293 850 334 tamen,
887 301 1009 339 quam
1045 293 1147 333 erat,
1182 301 1300 338 passa
1335 292 1399 325 est

167 351 188 384 3
207 346 346 384 videri.
400 346 481 384 Nos
504 360 555 385 ex
577 361 646 384 ora
666 350 870 385 maritima
890 348 1012 386 Asiae
1033 350 1260 398 provinciae
1282 352 1326 385 et
1347 360 1397 385 ex

205 405 358 451 insulis,
376 418 476 456 quas
493 409 713 457 potuimus,
732 420 854 445 naves
872 408 1127 446 deduximus.
1180 406 1397 445 Delectum

206 468 419 516 remigum,
442 479 592 518 magna
614 470 868 505 contumacia
890 469 1115 513 civitatum,
1137 472 1278 505 tamen
1299 468 1397 504 satis

206 524 392 563 celeriter
433 526 659 564 habuimus.
712 525 849 565 Secuti
889 539 1027 565 sumus
1067 526 1236 564 classem
1275 525 1398 564 Dola-

206 584 351 630 bellae,
367 587 431 622 cui
446 585 494 623 L.
514 585 678 637 Figulus
697 592 899 636 praeerat,
915 589 983 637 qui
1003 599 1117 636 spem
1131 598 1254 636 saepe
1268 591 1396 624 trans-

205 645 339 681 itionis
376 645 610 694 praebendo
647 658 781 696 neque
819 659 1012 696 umquam
1049 658 1129 683 non
1161 644 1396 683 decedendo

206 706 419 742 novissime
450 704 648 756 Corycum
678 718 722 743 se
752 705 936 750 contulit,
968 710 1011 743 et
1039 705 1174 742 clauso
1202 709 1323 755 portu
1351 717 1396 742 se

205 767 348 801 tenere
378 767 526 813 coepit.
580 764 675 809 Nos,
704 763 772 802 illa
800 764 954 810 relicta,
985 764 1093 816 quod
1122 769 1167 802 et
1193 766 1237 801 in
1265 768 1396 801 castra

205 825 416 872 pervenire
430 826 555 861 satius
570 837 658 861 esse
671 824 930 874 putabamus,
945 829 988 861 et
1001 824 1249 874 sequebatur
1261 822 1395 860 classis

205 881 348 928 altera,
371 895 494 933 quam
517 896 622 921 anno
645 886 776 933 priore
798 886 840 920 in
862 882 1054 934 Bithynia
1074 882 1211 920 Tillius
1234 882 1396 920 Cimber

204 948 472 992 compararat,
488 945 552 980 cui
570 942 770 980 Turullius
791 948 982 993 quaestor
999 947 1201 993 praeerat,
1217 941 1395 993 Cyprum

205 1003 435 1051 petivimus.
490 1002 551 1039 Ibi
586 1015 692 1053 quae
727 1005 998 1053 cognovimus,
1033 1002 1206 1040 scribere
1222 1003 1225 1006 “
1241 1001 1293 1039 ad
1326 1014 1394 1039 vos

161 1069 183 1101 4
200 1074 323 1112 quam
337 1060 546 1099 celerrime
560 1061 770 1099 voluimus.
821 1060 1090 1106 Dolabellam,
1104 1066 1152 1099 ut
1164 1060 1394 1106 Tarsenses,

204 1123 367 1171 pessimi
390 1124 498 1167 socii,
521 1124 580 1159 ita
603 1121 835 1167 Laodiceni,
858 1121 986 1159 multo
1009 1123 1266 1166 amentiores,
1289 1120 1394 1158 ultro

205 1183 500 1226 arcessierunt3
543 1194 594 1219 ex
627 1182 771 1232 quibus
805 1183 987 1232 utrisque
1013 1181 1242 1219 civitatibus
1270 1179 1395 1218 Grae-

204 1253 342 1279 corum
379 1240 553 1278 militum
591 1254 759 1278 numero
797 1244 974 1291 speciem
1009 1243 1209 1278 exercitus
1244 1238 1391 1277 effecit.

204 1300 347 1338 Castra
382 1300 508 1338 habet
544 1306 640 1338 ante
676 1301 869 1351 oppidum
906 1299 1148 1338 Laodiceam
1182 1301 1314 1350 posita
1349 1303 1391 1336 et

203 1365 363 1410 partem
394 1362 498 1398 muri
529 1359 744 1398 demolitus
777 1366 853 1405 est,
886 1365 929 1397 et
960 1365 1092 1397 castra
1122 1359 1269 1410 oppido
1300 1371 1391 1396 con-

202 1422 348 1457 iunxit.
402 1419 560 1458 Cassius
580 1425 718 1458 noster
736 1433 828 1457 cum
851 1420 994 1457 decem
1015 1418 1239 1470 legionibus
1263 1423 1307 1456 et
1328 1431 1391 1455 co-

203 1479 384 1516 hortibus
411 1481 553 1530 viginti
578 1479 793 1517 auxiliariis
819 1485 862 1517 et
887 1484 1080 1530 quattuor
1103 1477 1256 1516 milium
1282 1479 1391 1528 equi-

202 1544 295 1577 tatu
323 1552 346 1576 a
373 1538 532 1576 milibus
559 1551 751 1588 passuum
779 1541 922 1590 viginti
949 1543 1081 1576 castra
1107 1537 1234 1575 habet
1259 1539 1391 1587 posita

203 1597 364 1648 Πάλτῳ,
395 1603 439 1635 et
467 1599 674 1635 existimat
706 1610 749 1635 se
779 1600 864 1635 sine
893 1597 1044 1648 proelio
1072 1610 1189 1647 posse
1219 1598 1389 1634 vincere.

203 1657 309 1695 Nam
334 1659 416 1695 iam
442 1659 568 1695 ternis
594 1657 902 1694 tetradrachmis
930 1659 1108 1694 triticum
1135 1656 1244 1706 apud
1270 1655 1390 1693 Dola-

253 1769 268 1784 α
293 1764 351 1797 On
367 1764 428 1797 the
443 1766 542 1796 coast
556 1762 597 1796 of
610 1762 732 1796 Cilicia
747 1762 924 1801 Trachea,
934 1773 1013 1794 now
1030 1762 1207 1804 Korghoz.

255 1806 268 1827 ⁶
293 1807 373 1840 One
388 1806 428 1840 of
442 1806 601 1840 Caesar's
617 1807 798 1839 assassins.

253 1855 265 1870 ⁰
291 1849 376 1883 Also
395 1860 462 1883 one
480 1849 520 1882 of
534 1849 594 1882 the
612 1850 859 1891 conspirators‚
878 1847 950 1880 and
969 1847 1174 1880 afterwards
1192 1858 1214 1880 a
1232 1848 1388 1890 partisan
1444 1893 1448 1896 ι

206 1892 246 1926 of
260 1894 407 1935 Antony
423 1894 564 1934 against
581 1892 765 1925 Octavian.

252 1935 268 1955 ‘¹
292 1937 325 1968 A
342 1939 440 1969 coast
455 1939 550 1968 town
567 1935 607 1968 of
621 1935 736 1977 Syria,
753 1946 775 1967 a
790 1933 878 1968 little
894 1933 997 1967 south
1015 1933 1054 1965 of
1069 1932 1255 1966 Laodicea.

205 1992 281 2025 554

1440 1982 1448 2056 ...s-n.
1444 1950 1448 1957 .
1443 1918 1448 1940 .,.
