1448 2236
667 82 868 122 CICERO

172 188 322 230 statua,
329 198 451 235 quam
459 189 595 236 posuit
603 190 645 225 in
654 190 803 234 rostris,
811 191 1010 240 inscripsit
1021 203 1194 230 PAREN'H
1206 203 1357 230 omum

171 264 348 300 munli-03
375 262 422 294 ut
449 270 530 294 non
558 258 677 296 modo
700 261 841 305 sicarii,
859 259 932 298 sed
952 263 1034 298 iam
1053 263 1177 299 etiam
1197 262 1358 312 parrici-

171 324 248 362 dae
280 326 538 372 iudicemini3
579 329 676 379 quid
704 330 806 374 dico,
834 330 1095 369 indicemini?
1135 331 1357 370 iudicemur

170 397 328 444 potius3
356 400 478 435 vestri
498 400 605 458 enini
623 398 879 448 pulcherrimi
898 399 996 438 facti
1013 401 1080 439 ille
1098 400 1268 439 furiosus
1289 412 1356 437 me

169 467 390 516 principem
428 468 525 505 dicit
566 467 701 506 fuisse.
755 469 924 508 Utinam
961 471 1124 522 quidem
1163 468 1354 508 fuissem!

169 535 361 574 molestus
395 538 508 575 nobis
542 551 622 575 non
657 545 778 577 esset.
830 539 911 579 Sed
944 541 1019 579 hoc
1052 546 1230 597 vestrum
1265 545 1355 584 est;

169 607 278 656 quod
309 620 401 645 cum
432 612 656 658 praeteriit,
690 613 847 649 utinam
878 611 1085 658 haberem,
1114 611 1212 664 quid
1243 611 1354 649 vobis

167 676 307 715 darem
339 677 501 716 consili!
555 678 635 717 Sed
667 693 719 718 ne
751 681 850 719 mihi
881 682 1045 733 quidem
1076 684 1152 733 ipsi
1181 682 1353 731 reperio,

167 747 264 797 quid
281 746 510 786 faciendum
526 751 592 787 sit.
646 750 753 798 Quid
772 754 879 789 enim
897 758 973 798 est,
991 751 1100 804 quod
1115 755 1256 790 contra
1272 751 1352 787 vim

125 824 147 856 2
165 821 251 856 sine
274 820 309 856 vi
333 818 419 856 fieri
439 819 598 869 possit?
652 819 869 859 Consilium
890 834 1010 860 omne
1032 826 1171 859 autem
1191 820 1267 859 hoc
1289 824 1352 857 est

164 887 334 934 illorum,
362 895 409 927 ut
434 895 608 928 mortem
635 889 816 928 Caesaris
842 897 1150 943 persequantur.
1203 889 1350 940 Itaque

165 972 202 996 a.
221 959 272 997 ·d.
301 964 406 997 sext.
436 959 540 998 Non.
571 959 718 998 Octob.
747 961 965 1011 productus
993 965 1036 1000 in
1066 963 1296 999 contionem
1325 971 1349 996 a

164 1028 379 1075 Cannutio,
394 1031 623 1080 turpissime
638 1029 704 1068 ille
719 1031 884 1080 quidem
898 1031 1080 1070 discessit
1094 1043 1104 1077 ;
1123 1031 1195 1070 sed
1208 1036 1348 1068 tamen

163 1113 211 1137 ea
224 1100 327 1138 dixit
339 1100 390 1138 de
403 1101 747 1138 conservatoribus
759 1103 930 1151 patriae,
942 1115 1048 1153 quae
1059 1102 1137 1140 dici
1149 1101 1348 1140 deberent

162 1171 213 1208 de
248 1171 530 1221 proditoribus.
583 1171 648 1209 De
683 1185 750 1210 me
784 1172 948 1223 quidem
982 1185 1064 1210 non
1098 1172 1346 1216 dubitanter,

161 1243 258 1292 quin
293 1243 427 1279 omnia
462 1241 514 1280 de
549 1254 641 1280 meo
677 1241 838 1280 consilio
874 1248 918 1280 et
954 1255 1022 1280 vos
1057 1240 1267 1287 fecissetis,
1302 1246 1346 1279 et

161 1310 383 1349 Cannutius
413 1310 580 1350 faceret.
633 1311 781 1350 Cetera
811 1313 1031 1351 cuiusmodi
1061 1314 1157 1356 sint,
1187 1323 1239 1349 ex
1269 1310 1345 1349 hoc

158 1380 303 1426 iudica,
329 1381 437 1431 quod
459 1380 597 1433 legato
622 1387 694 1420 tuo
720 1385 909 1420 viaticum
935 1385 1182 1432 eripuerunt.
1235 1380 1343 1428 Quid

159 1463 227 1488 eos
241 1453 500 1500 interpretari
515 1457 649 1501 putas,
665 1465 757 1490 eum
773 1451 847 1490 hoc
862 1450 1018 1490 faciunt
1033 1451 1049 1490 ?
1102 1451 1169 1490 Ad
1182 1450 1342 1489 hostem

157 1520 308 1559 scilicet
337 1524 502 1571 portari.
555 1520 591 1559 O
622 1535 709 1560 rem
739 1521 953 1560 miseram!
999 1521 1206 1560 dominum
1235 1518 1340 1558 ferre

155 1604 237 1628 non
265 1593 497 1641 potuimus3
541 1604 731 1628 conservo
762 1593 968 1629 servimus.
1019 1590 1076 1629 Et
1105 1596 1245 1629 tamen
1273 1603 1339 1628 me

155 1661 319 1711 quidem
345 1660 509 1699 favente
534 1662 677 1711 magiS‚
704 1674 826 1711 quam
852 1666 1055 1711 sperante,
1083 1663 1208 1699 etiam
1233 1672 1339 1698 nunc

153 1730 305 1768 residet
332 1743 423 1780 spes
451 1731 493 1767 in
520 1732 670 1768 virtute
698 1735 783 1768 tua.
836 1729 918 1768 Sed
945 1730 1014 1768 ubi
1042 1735 1138 1768 sunt
1164 1730 1337 1780 copiae?

203 1878 218 1893 ⁶
241 1874 275 1907 A
294 1874 446 1912 tribune,
466 1873 537 1906 and
557 1884 579 1906 a
597 1873 703 1907 bitter
721 1884 849 1916 enemy
868 1873 908 1907 of
924 1873 1082 1916 Antony,
1102 1873 1220 1906 whose
1238 1872 1334 1906 hand

155 1916 200 1950 he
213 1916 300 1949 tried
314 1920 351 1950 to
362 1917 457 1950 force
469 1917 519 1958 by
532 1916 682 1959 making
694 1917 767 1949 him
780 1916 892 1959 speak
905 1920 943 1950 at
954 1917 1023 1949 this
1035 1916 1157 1959 public
1168 1916 1334 1958 meeh'ng.

201 1960 214 1980 δ
239 1959 380 1993 Cassius
396 1959 468 1993 had
485 1960 592 2002 ἱεραῖς·
606 1971 646 1993 as
662 1959 850 2002 proconsul
865 1959 905 1993 of
918 1960 1034 2002 Syria.

153 2010 230 2050 526
