1448 2236
617 49 819 89 CICERO

122 154 258 199 tebit;
298 159 437 192 cetera
462 167 575 192 more
600 160 766 200 nosti-03
807 157 1014 206 superiora
1039 156 1108 195 illa
1133 156 1312 198 lusimus.

65 214 105 246 10
125 209 190 246 De
216 207 309 246 villa
336 207 535 246 Seliciana
561 214 606 246 et
632 211 780 247 curasti
807 209 1025 261 diligenter
1051 216 1096 249 et
1121 214 1312 263 scripsisti

122 261 381 300 facetissime.
435 262 582 313 Itaque
593 268 695 313 puto
707 276 774 301 me
785 266 1176 314 praetermissurum.
1210 265 1311 305 Salis

123 318 232 355 enim
249 318 346 354 satis
365 321 442 362 est,
459 315 679 354 saniorum1
696 330 854 368 parum.
905 317 1019 358 Vale.

658 455 794 515 xvn'

421 576 560 603 menno
586 576 622 604 L.
649 577 810 603 PAleo
837 578 961 604 PAETO
986 577 1020 606 8.

538 650 686 690 Romae,
701 661 808 685 A.u.c.
825 653 902 685 708.

83 734 100 768 1
171 728 264 767 Non
284 733 331 767 tu
351 727 472 766 homo
494 728 683 766 ridiculus
706 742 763 774 eS,
786 732 868 780 qui,
890 743 982 768 cum
1003 730 1151 771 Balbus
1172 738 1311 771 noster

122 783 231 834 apud
246 789 289 821 te
303 781 443 827 fuerit,
458 796 510 820 ex
525 796 591 820 me
607 795 791 833 quaeram,
807 784 904 834 quid
919 785 971 823 de
985 787 1071 823 istis
1086 789 1309 837 municipiis

121 842 165 875 et
191 839 296 887 agris
323 835 506 874 futurum
531 837 707 887 putem?
749 840 862 888 quasi
889 844 961 876 aut
987 852 1063 890 ego
1089 840 1309 891 quidquam

120 893 257 936 sciam,
275 890 385 941 quod
402 893 479 928 iste
497 893 651 928 nesciat
669 903 679 936 ;
711 897 797 936 aut,
815 894 847 929 si
865 892 962 942 quid
980 893 1196 944 aliquando
1213 896 1308 940 scio,

119 958 201 983 non
219 958 270 983 ex
287 947 365 982 isto
381 944 533 982 soleam
550 947 663 982 scire.
717 944 847 983 Immo
863 959 973 991 vero,
989 949 1020 985 si
1038 961 1103 986 me
1120 961 1245 994 amas,
1261 953 1308 986 tu

120 998 198 1044 fae,
225 1003 272 1036 ut
298 1000 434 1043 sciam,
462 998 559 1048 quid
585 998 637 1036 de
663 999 778 1037 nobis
805 998 986 1038 futurum
1012 1003 1092 1047 sit;
1133 1001 1308 1040 habuisti

121 1055 228 1091 enim
247 1054 288 1090 in
306 1058 378 1090 tua
395 1057 618 1102 potestate,
637 1065 687 1093 ex
705 1065 785 1103 quo
802 1053 868 1091 vel
885 1067 936 1091 ex
954 1055 1098 1101 sobrio,
1116 1055 1181 1093 vel
1196 1061 1307 1094 certe

121 1120 171 1144 ex
198 1107 308 1144 ebrio
332 1108 432 1144 scire
456 1119 608 1156 posses,
661 1106 743 1144 Sed
768 1120 844 1158 ego
867 1109 959 1153 ista,
982 1110 1037 1145 mi
1063 1108 1203 1155 Paete,
1226 1123 1308 1148 non

119 1173 270 1211 quaero
288 1173 298 1202 ;
332 1162 507 1210 primum
528 1163 624 1210 quia
644 1160 696 1198 de
716 1160 826 1198 lucro
845 1174 972 1212 prope
993 1164 1074 1200 iam
1094 1163 1306 1213 quadrien-

119 1217 231 1252 nium
252 1216 419 1251 vivimus
438 1226 447 1258 ;
483 1215 515 1251 si
537 1220 609 1251 aut
630 1214 703 1251 hoc
723 1214 876 1252 lucrum
899 1222 975 1260 est,
996 1222 1068 1255 aut
1088 1216 1188 1255 haec
1208 1219 1305 1263 vita,

119 1271 382 1318 superstitem
409 1268 654 1318 reipublicae
680 1270 842 1313 vivere;
883 1269 1044 1315 deinde,
1072 1270 1180 1321 quod
1205 1273 1306 1309 scire

119 1335 282 1372 quoque
312 1321 409 1358 mihi
440 1321 591 1367 videor,
621 1321 719 1372 quid
747 1321 929 1360 futurum
958 1325 1024 1362 sit.
1078 1324 1168 1362 Fiet
1198 1327 1305 1362 enim

120 1376 406 1426 quodcumque
428 1375 580 1420 volent,
604 1378 671 1426 qui
695 1375 916 1423 valebunt3
952 1377 1145 1416 valebunt
1167 1384 1306 1416 autem

118 1442 280 1480 semper
293 1442 417 1467 arma.
469 1429 575 1467 Satis
589 1432 712 1480 igitur
726 1430 839 1468 nobis
855 1443 942 1468 esse
955 1431 1095 1478 debet,
1109 1432 1306 1483 quidquid

117 1484 364 1521 conceditur.
419 1482 507 1521 Hoc
525 1485 557 1521 si
576 1486 644 1534 qui
662 1486 748 1534 pati
766 1498 846 1522 non
863 1487 1012 1535 potuit,
1029 1487 1130 1524 mori
1147 1486 1303 1524 debuit.

165 1551 178 1572 ¹
201 1553 414 1585 sannionum
431 1551 478 1589 1),
496 1553 551 1585 i.e.
570 1551 592 1566 “
608 1555 661 1585 too
671 1552 743 1594 few
753 1553 874 1594 jokers
887 1552 907 1567 ”
925 1553 975 1595 (to
991 1554 1094 1596 enjoy
1111 1554 1165 1587 the
1174 1554 1275 1598 jesi).

118 1635 388 1712 ba⁶¹pr⁰bably
416 1646 438 1668 a
465 1636 550 1669 villa
578 1637 615 1669 in
645 1636 778 1679 Naples
807 1637 1002 1681 belonging
1027 1641 1066 1671 to
1094 1637 1254 1678 Selicius,
1282 1650 1306 1672 a

169 1690 270 1712 naer-

168 1721 182 1741 ὓ
206 1722 276 1755 Lit.
298 1721 319 1735 “
334 1721 448 1755 There
466 1721 531 1755 has
549 1721 639 1755 been
657 1722 781 1764 plenty
799 1722 840 1756 of
856 1724 916 1756 wit
933 1723 986 1765 (in
1004 1723 1075 1756 this
1093 1723 1220 1765 letter),
1239 1723 1306 1758 but

118 1768 182 1798 not
203 1765 345 1807 enough
368 1765 472 1798 sober
491 1765 629 1804 sense,”
651 1766 707 1798 i.e.
730 1765 778 1799 let
799 1776 841 1799 us
862 1769 942 1808 stop
958 1765 1090 1809 joking
1110 1767 1182 1799 and
1204 1777 1305 1801 come

117 1810 155 1840 to
183 1807 356 1841 business.
403 1809 436 1841 D
465 1809 529 1841 has
556 1809 779 1847 sannionum,
808 1808 1048 1847 “buffoons‚”
1076 1811 1256 1852 meaning,
1286 1810 1302 1843 I

118 1861 283 1892 suppose,
304 1851 326 1864 “
341 1851 439 1884 there
457 1862 518 1884 are
535 1851 657 1893 plenty
676 1851 716 1884 of
726 1851 830 1893 jokes
849 1862 916 1884 one
935 1853 1051 1894 might
1067 1852 1176 1886 make
1191 1853 1304 1891 about

117 1893 177 1927 the
193 1898 333 1971 rgatter,
350 1894 415 1927 but
429 1894 498 1928 few
507 1894 631 1938 jokers
646 1897 683 1928 to
698 1896 900 1938 appreciate
914 1894 1050 1929 them.”

165 1940 178 1958 ⁶
229 1948 269 1971 ee
284 1938 330 1970 ix.
351 1939 404 1971 19.

119 1991 195 2025 248
