1448 2236
681 67 882 107 CICERO

184 174 338 215 tamen,
362 183 488 221 quum
511 183 560 208 eo
583 171 650 209 die
672 174 759 221 ipso
784 172 962 211 e'dictum
983 177 1103 211 tuum
1123 175 1374 224 propositum

186 229 308 269 esset,
328 223 443 262 nefas
464 237 552 262 esse
572 225 683 270 duxi,
703 231 776 263 aut
795 228 855 264 ita
874 226 1012 264 haberi
1033 232 1234 272 senatum,
1254 232 1301 264 ut
1321 226 1374 265 de

185 280 266 315 tuis
294 278 436 316 divinis
468 280 511 316 in
537 279 827 329 rempublicam
854 282 1008 318 meritis
1035 280 1221 318 sileretur
1249 280 1375 331 (quod

184 330 340 369 factum
357 337 478 378 esset,
495 335 570 370 nisi
588 345 664 384 ego
681 333 911 385 venissem),
927 339 1014 379 aut,
1032 336 1190 372 etiamsi
1207 334 1306 385 quid
1319 334 1386 372 de'

147 391 168 423 3
186 390 230 423 te
258 385 474 424 honorifice
501 386 717 432 diceretur,
745 400 812 425 me
839 400 921 425 non
948 387 1104 426 adesse.
1158 388 1306 439 Itaque
1332 390 1375 425 in

186 444 374 478 senatum
400 442 490 478 veni
520 453 653 479 mane.
707 440 827 488 Quod
859 454 951 479 cum
985 447 1093 480 esset
1124 441 1375 479 animadver-

186 507 289 539 sum,
321 492 637 545 frequentissimi
671 500 878 533 senatores
913 501 1201 534 convenerunt.
1257 495 1374 543 Quae

186 547 239 585 de
267 553 311 585 te
338 550 380 584 in
408 553 554 586 senatu
583 551 749 599 egerim,
779 562 885 599 quae
911 551 955 586 in
981 551 1169 587 contione
1198 551 1376 587 maxima

185 601 371 647 dixerim,
396 601 565 639 aliorum
590 607 634 640 te
659 602 805 640 litteris
830 602 937 641 malo
962 615 1218 655 cognoscere.
1270 602 1377 641 Illud

186 655 261 693 tibi
274 655 520 705 persuadeas
535 655 669 701 velim,
684 669 751 694 me
767 659 914 702 omnia,
930 670 1035 708 quae
1050 657 1104 695 ad
1118 662 1233 695 tuam
1248 656 1376 708 digni-

186 714 318 746 tatem
332 709 564 760 augendam
577 711 856 760 pertinebunt,
872 723 977 761 quae
993 716 1056 748 est
1070 723 1145 761 per
1158 723 1202 748 se
1217 710 1376 760 amplis-

187 765 301 808 sima,
328 776 484 801 summo
511 776 672 814 semper
698 764 831 802 studio
858 770 1140 815 suscepturum
1167 769 1211 802 et
1237 763 1376 802 defen-

187 829 352 862 surum;
395 817 504 868 quod
532 830 779 869 quamquam
806 817 999 870 intellego
1026 831 1092 855 me
1120 831 1213 855 cum
1239 816 1376 855 multis

188 883 276 908 esse
291 869 507 917 facturum,
523 876 664 909 tamen
679 877 873 922 appetam
887 871 1004 910 huius
1018 874 1077 910 rei
1091 873 1376 922 principatum.

737 1037 815 1076 VII

329 1156 374 1182 M.
403 1157 542 1182 CICERO
569 1156 600 1183 S.
629 1157 668 1183 D.
696 1157 736 1182 D.
766 1157 897 1183 BRUTO
925 1157 1012 1183 IMP.
1041 1157 1120 1183 COS.
1147 1157 1233 1183 DES.

602 1231 749 1270 Romae,
766 1242 871 1265 A.u.c.
889 1233 967 1265 710.

149 1312 167 1345 l
238 1307 341 1345 Cum
356 1306 606 1345 adhibuisset
625 1306 734 1345 domi
749 1320 866 1345 meae
882 1307 1019 1358 Lupus
1035 1320 1101 1345 me
1117 1313 1160 1345 et
1179 1306 1377 1344 Libonem
1439 1295 1448 1334 ἶ

188 1366 231 1398 et
267 1361 462 1406 Servium,
499 1361 781 1399 consobrinum
817 1367 948 1407 tuum,
984 1373 1091 1412 quae
1125 1373 1219 1398 mea.
1253 1359 1378 1398 fuerit
1438 1335 1448 1399 ‚l

187 1417 405 1460 sententia,
422 1427 615 1466 cognosse
633 1410 676 1452 te
695 1428 745 1452 ex
766 1414 825 1453 M.
843 1414 935 1453 Seio
951 1415 1136 1460 arbitror,
1153 1416 1223 1465 qui
1239 1419 1376 1452 nostro
1432 1398 1448 1436 l

187 1471 361 1506 sermoni
377 1467 575 1506 interfuit.
619 1468 803 1520 Reliqua,
820 1481 1067 1520 quamquam
1083 1471 1223 1506 statim
1239 1467 1377 1506 Seium
1425 1437 1448 2003 ¹

242 1576 257 1591 ⁰
279 1572 348 1609 i.e.‚
377 1575 447 1604 “se
475 1571 697 1613 provinciam
725 1571 878 1604 Galliam
908 1574 1129 1605 retenturum
1158 1571 1195 1603 in
1224 1569 1377 1604 Senatus

194 1615 389 1656 populique
409 1614 561 1647 Romani
585 1615 793 1656 potestate'’
815 1615 828 1649 (
832 1618 854 1632 ‘⁶
865 1614 942 1648 that
964 1614 1009 1648 he
1023 1613 1141 1647 would
1164 1616 1225 1646 not
1247 1613 1295 1646 let
1316 1613 1377 1646 the

195 1659 360 1699 province
380 1657 421 1690 of
440 1656 533 1690 Gaul
556 1666 637 1698 pass
658 1661 721 1690 out
742 1656 782 1690 of
800 1657 860 1690 the
884 1668 1001 1699 power
1019 1656 1061 1690 of
1079 1657 1139 1690 the
1159 1656 1289 1690 senate
1304 1655 1376 1689 and

194 1700 320 1743 people
341 1700 381 1733 of
402 1698 576 1743 Rome'’)‚
591 1700 688 1732 Phil.
705 1701 752 1733 iii.
773 1702 804 1732 8.
851 1700 928 1733 The
949 1700 1032 1734 date
1054 1699 1206 1732 referred
1228 1702 1266 1732 to
1289 1700 1317 1732 is
1339 1698 1380 1732 of

186 1747 319 1777 ‘course
333 1743 419 1776 Dec.
435 1743 532 1776 20th.
577 1743 652 1776 The
667 1743 856 1776 substance
871 1744 914 1776 of
925 1742 1078 1776 Cicero’s
1093 1753 1110 1776 s
1137 1742 1222 1776 eech
1237 1753 1284 1775 on
1299 1742 1377 1775 that

193 1786 267 1837 day
281 1786 427 1862 (tlwhat
443 1786 459 1819 I
480 1786 667 1829 proposed,
683 1786 775 1820 etc.’‘
791 1785 906 1828 infra)
928 1787 958 1819 is
979 1789 1017 1819 to
1039 1786 1086 1819 be
1113 1785 1211 1819 ound
1227 1786 1263 1818 in
1278 1785 1374 1817 Phil.

194 1840 240 1862 ιιι.
257 1840 303 1862 an
346 1841 391 1862 ιν.

237 1872 250 1891 ⁶
274 1872 359 1905 This
374 1872 475 1905 letter
489 1871 787 1915 chronologically
803 1871 967 1914 precedes
983 1871 1051 1914 Ep.
1070 1873 1102 1904 6.

237 1920 249 1935 ⁶
275 1915 453 1957 Probably
482 1916 542 1948 the
571 1915 823 1948 father-in-law
851 1916 893 1947 of
924 1914 1051 1948 Sextus
1082 1913 1271 1956 Pompeius
1298 1912 1377 1946 who

188 1958 424 1992 commanded
440 1958 500 1992 the
516 1958 596 1992 fleet
611 1960 648 1992 in
664 1958 724 1992 the
740 1957 829 1992 Civil
846 1958 940 1991 War.

190 2015 268 2048 444

1430 2190 1436 2204 ἐ

1428 2212 1445 2236 z.
