1448 2236
698 73 897 113 CICERO

203 189 229 214 a
247 182 291 214 te
310 176 596 216 alienissimum
617 183 693 224 est,
711 179 1000 229 subimpudens
1018 179 1222 218 videbare.
1272 179 1391 218 Tam-
1445 180 1448 184 ’

203 246 326 283 quam
345 236 452 271 enim
470 234 742 285 syngrapham
758 235 812 273 ad
827 237 1127 286 imperatorem,
1144 249 1226 274 non
1243 238 1391 287 episto-
1444 233 1448 237 ⁴

202 288 283 326 lam
320 289 540 336 attulisses,
569 293 638 337 sic,
670 293 842 342 pecunia
877 291 1028 337 ablata,
1057 292 1222 331 domum
1257 292 1389 331 redire

201 347 471 396 properabas3
499 360 574 386 nec
593 349 669 386 tibi
691 351 733 386 in
751 354 934 387 mentem
951 349 1155 394 veniebat,
1177 362 1244 387 eos
1269 351 1389 400 ipsos,

202 404 271 452 qui
304 415 396 439 cum
430 403 668 454 syngraphis
701 406 907 441 venissent
940 403 1241 450 Alexandriam,
1274 417 1389 441 num·
1440 418 1443 420 ·

160 462 182 494 2
199 471 312 496 mum
341 458 472 497 adhuc
500 459 654 498 nullum
684 459 842 498 auferre
870 463 1062 511 potuisse.
1115 461 1218 512 Ego,
1246 462 1279 498 si
1307 462 1388 498 mei

200 516 399 554 commodi
418 519 617 554 rationem
636 516 841 563 ducerem,
861 522 904 555 te
924 530 1084 556 mecum
1105 530 1192 556 esse
1211 519 1387 554 maxime

198 570 357 610 vellem.
411 572 503 610 Non
527 575 634 611 enim
657 574 847 612 mediocri
869 574 1068 612 afficiebar
1091 573 1156 612 vel
1178 573 1386 624 voluptate

199 640 250 665 ex
266 629 557 667 consuetudine
574 635 725 676 nostra,
741 630 806 668 vel
821 630 999 669 utilitate
1017 643 1067 668 ex
1083 629 1245 668 consilio
1261 635 1386 680 atque

197 697 320 735 opera
335 690 419 723 tua.
474 685 554 725 Sed
572 700 664 724 cum
681 692 724 725 te
744 700 794 724 ex
812 686 1087 726 adulescentia
1104 692 1177 725 tua
1193 689 1235 724 in
1252 688 1386 724 amici-

196 743 297 778 tiam
315 747 358 779 et
375 741 497 780 fidem
514 755 648 787 meam
665 743 914 789 contulisses,
931 756 1091 794 semper
1107 748 1151 781 te
1167 756 1249 781 non
1265 741 1385 780 modo

196 798 395 836 tuendum
409 798 520 844 mihi,
533 799 606 837 sed
621 802 746 837 etiam
765 800 997 851 augendum
1017 805 1141 851 atque
1161 798 1384 837 ornandum

194 857 348 904 putavi.
402 855 549 906 Itaque
585 855 719 906 quoad
755 859 941 907 opinatus
978 869 1080 902 sum,
1116 868 1182 894 me
1218 858 1260 893 in
1294 867 1383 905 pro-

194 913 365 949 vinciam
411 914 628 958 exiturum,
674 925 779 963 quae
825 912 877 950 ad
922 917 966 950 te
1011 911 1117 950 ultro
1162 910 1382 956 attulerim,

193 969 423 1005 meminisse
444 974 488 1006 te
508 968 642 1007 credo.
696 968 968 1019 Posteaquam
987 981 1081 1006 mea
1099 973 1260 1006 mutata
1278 969 1382 1005 ratio

194 1028 271 1069 est,
298 1037 391 1062 cum
426 1024 606 1062 viderem
637 1038 704 1063 me
731 1039 756 1063 a
784 1025 956 1063 Caesare
982 1024 1381 1063 honorificentissime

192 1082 357 1118 tractari
398 1086 442 1119 et
481 1084 598 1119 unice
638 1081 763 1132 diligi,
803 1081 1055 1132 hominisque
1094 1080 1380 1119 liberalitatem

191 1136 467 1175 incredibilem
496 1142 539 1175 et
567 1138 811 1188 singularem
840 1137 962 1176 fidem
989 1150 1162 1183 nossem,
1187 1139 1243 1175 sic
1271 1139 1307 1175 ei
1336 1141 1380 1174 te

190 1194 469 1232 commendavi
491 1199 534 1231 et
554 1194 715 1239 tradidi,
737 1200 784 1232 ut
804 1197 1036 1244 gravissime
1057 1193 1379 1245 diligentissime-

190 1262 271 1300 que
301 1252 430 1300 potui.
484 1249 604 1297 Quod
634 1250 703 1288 ille
732 1252 791 1292 ita
822 1252 1006 1300 accepit3
1054 1255 1097 1288 et
1127 1249 1225 1288 mihi
1256 1261 1378 1300 saepe

188 1304 335 1343 litteris
363 1306 615 1356 significavit,
644 1311 687 1344 et
713 1304 787 1344 tibi
817 1311 859 1344 et
886 1307 1016 1343 verbis
1045 1311 1088 1344 et
1113 1319 1158 1343 re
1186 1305 1377 1353 ostendit,

188 1375 281 1400 mea
319 1362 670 1400 commendatione
709 1375 796 1400 sese
835 1362 952 1401 valde
992 1375 1078 1400 esse
1117 1367 1376 1400 commotum.

190 1418 309 1456 Hunc
331 1424 378 1456 tu
400 1421 529 1456 virum
550 1424 707 1464 nactus,
730 1421 763 1456 si
785 1431 851 1456 me
873 1424 946 1456 aut
968 1431 1110 1469 sapere
1131 1418 1283 1469 aliquid
1304 1424 1376 1456 aut

187 1474 291 1513 velle
319 1480 392 1512 tua
420 1487 540 1513 causa
567 1480 702 1525 putas,
730 1488 782 1512 ne
810 1475 1035 1520 dimiseriS;
1078 1480 1134 1520 et,
1163 1477 1195 1512 si
1224 1487 1305 1525 qua
1331 1480 1375 1512 te

186 1529 292 1568 forte
318 1543 382 1568 res
407 1530 624 1580 aliquando
650 1530 876 1576 offenderit,
902 1543 992 1568 cum
1018 1529 1085 1567 ille
1110 1535 1184 1568 aut
1208 1543 1375 1581 occupa-

186 1588 297 1624 tione
317 1591 390 1623 aut
409 1585 646 1624 difficultate
666 1586 818 1623 tardior
839 1586 914 1623 tibi
941 1588 1018 1623 erit
1042 1588 1162 1631 visus,
1181 1584 1374 1636 perferto,

233 1730 248 1745 ‘¹
274 1724 435 1766 Ptolemy
447 1723 592 1757 Auletes
605 1723 677 1756 had
690 1723 872 1757 borrowed
887 1725 1056 1757 immense
1071 1734 1168 1757 sums
1181 1723 1221 1756 of
1230 1734 1382 1766 money,-

188 1768 303 1801 which
316 1768 361 1800 he
374 1767 460 1800 used
474 1767 529 1800 for
542 1777 713 1809 purposes
727 1767 767 1800 of
777 1767 920 1818 bribery
934 1768 970 1799 in
986 1766 1110 1806 Rome,
1123 1766 1216 1800 from
1231 1766 1370 1800 Roman

187 1810 403 1887 specaeagngs
414 1810 536 1887 gilgglxg
553 1810 720 1895 ἳῗιέιῗέῗιῖ
733 1809 917 1895 Γὲξέἓῖῃς
941 1863 986 1885 on
1012 1852 1151 1894 foreign
1178 1853 1307 1903 service
1329 1863 1369 1886 as

186 1896 567 1982 {chzvtizicth-Pompey,
583 1896 628 1930 he
650 1895 782 1929 offered
805 1899 843 1929 to
864 1895 951 1928 take
964 1895 1152 1928 Trebatius
1175 1895 1259 1928 thh
1275 1895 1369 1934 him;

190 1996 240 2029 52
