1448 2236
664 83 864 123 CICERO

727 212 803 251 XV

573 332 743 359 PLANCUS
771 333 955 359 CICERONI

502 421 561 456 Ad
578 422 803 463 Cularonem,
819 434 925 457 A.u.c.
943 426 1021 458 711.

131 510 149 544 1
221 506 294 545 His
318 505 465 546 litteris
489 510 661 559 scriptis,
685 521 791 559 quae
813 514 959 560 postea
982 509 1235 555 accidissent,
1258 510 1360 547 scire

169 577 212 609 te
231 573 283 610 ad
298 572 590 623 rempublicam
605 575 748 624 putavi
763 576 983 624 pertinere.
1036 573 1237 612 Sedulitas
1253 586 1360 618 mea,

169 641 216 674 ut
233 649 365 687 spero,
384 643 427 675 et
444 637 542 674 mihi
561 643 604 676 et
620 638 866 689 reipublicae
883 638 979 676 tulit
994 637 1184 676 fructum.
1238 637 1361 675 Nam-

170 713 251 751 que
272 702 442 739 assiduis
462 704 722 741 internuntiis
743 716 835 740 cum
856 702 1012 754 Lepido
1034 705 1114 754 egi,
1133 708 1195 749 ut,
1215 705 1361 741 omissa

170 768 278 803 omni
309 769 572 805 contentione
600 767 939 818 reconciliataque
968 767 1180 806 voluntate
1209 772 1360 812 nostra,

169 833 374 868 communi
392 831 556 869 consilio
575 832 821 882 reipublicae
835 837 1111 877 succurreret3
1138 844 1196 877 se,
1214 831 1361 870 liberos

171 893 410 946 Urbemque
426 895 550 946 pluris
569 909 691 946 quam
709 910 835 934 unum
850 897 1058 947 perditum
1075 897 1361 947 abiectumque

168 958 371 997 latronem
394 965 586 1011 putaret3
624 961 899 1012 obsequioque
923 974 1031 1006 meo,
1053 963 1088 999 si
1110 963 1170 999 ita
1192 959 1361 1005 faceret,

131 1028 152 1060 2
172 1023 224 1062 ad
267 1037 409 1063 omnes
452 1038 517 1063 res
561 1025 812 1064 abuteretur.
866 1024 1023 1064 Profeci
1039 1037 1050 1071 ;
1106 1028 1247 1076 itaque
1287 1037 1363 1076 per

172 1087 440 1127 Laterensem
486 1091 784 1128 internuntium
830 1089 952 1128 fidem
998 1090 1097 1128 mihi
1142 1090 1272 1135 dedit,
1317 1102 1362 1128 se

169 1153 411 1199 Antonium,
432 1156 466 1192 si
487 1154 702 1204 prohibere
724 1156 929 1205 provincia
949 1167 1024 1193 sua
1045 1168 1127 1193 non
1146 1157 1363 1205 potuisset,

169 1217 277 1256 bello
296 1224 606 1269 persecuturum
624 1231 634 1264 ;
668 1232 749 1264 me,
768 1224 816 1257 ut
835 1221 1015 1257 venirem
1033 1221 1251 1270 copiasque
1269 1232 1363 1257 con-

170 1284 396 1333 iungerem,
418 1285 579 1334 rogavit
597 1295 607 1328 ;
645 1296 775 1334 eoque
796 1286 940 1334 magis,
963 1283 1072 1335 quod
1095 1289 1139 1322 et
1161 1283 1362 1322 Antonius

170 1347 223 1385 ab
256 1349 444 1398 equitatu
476 1347 613 1385 firmus
647 1361 734 1386 esse
765 1347 992 1394 dicebatur,
1024 1353 1068 1386 et
1100 1347 1278 1399 Lepidus
1309 1360 1362 1386 ne

169 1411 414 1450 mediocrem
436 1412 601 1462 quidem
623 1415 852 1463 equitatum
871 1412 1064 1451 habebat.
1112 1411 1218 1450 Nam
1237 1414 1361 1450 etiam

169 1488 222 1514 ex
237 1478 446 1526 paucitate
464 1478 564 1521 eius,
579 1489 661 1514 non
676 1476 814 1514 multis
832 1482 928 1515 ante
945 1476 1103 1522 diebus,
1117 1476 1276 1522 decem,
1291 1478 1361 1527 qui

169 1542 313 1591 optimi
345 1539 522 1586 fuerant,
556 1541 609 1578 ad
643 1553 710 1579 me
741 1528 1007 1579 transierant*
1053 1539 1209 1588 Quibus
1240 1541 1362 1579 rebus

172 1617 248 1656 ego
267 1606 453 1655 cognitis,
471 1610 685 1643 cunctatus
703 1618 785 1643 non
802 1618 892 1643 sum
910 1617 921 1651 ;
954 1607 998 1643 in
1022 1618 1140 1643 cursu
1164 1605 1361 1644 bonorum

132 1674 153 1707 3
171 1669 425 1708 consiliorum
440 1668 642 1720 Lepidum
657 1669 928 1708 adiuvandum
946 1671 1101 1720 putavi.
1146 1669 1360 1708 Adventus

169 1747 284 1772 meus
301 1733 399 1784 quid
413 1732 667 1784 profecturus
685 1739 808 1779 esset,
823 1733 907 1772 vidi
923 1745 934 1779 3
964 1733 1030 1771 vel
1045 1733 1156 1784 quod
1171 1736 1359 1784 equitatu

170 1811 263 1836 meo
287 1800 477 1849 persequi
501 1794 627 1849 atque
651 1800 879 1848 opprimere
905 1800 1135 1849 equitatum
1159 1800 1245 1836 eius
1268 1810 1361 1848 pos-

655 1928 671 1945 ⁰
696 1924 883 1958 Grenoble.

516 1966 531 1988 ὃ
552 1967 628 2000 The
642 1967 820 2001 reference
835 1969 864 2001 is
878 1971 916 2001 to
932 1967 1000 2010 Ep.
1022 1969 1074 2002 11.

177 2023 256 2058 340
