1448 2236
657 33 858 91 cICERo

158 151 472 198 arbitrabantur,
485 167 619 205 neque
633 167 683 192 ex
697 155 816 194 Italia
827 162 915 194 tam
926 157 1112 196 celeriter
1125 161 1346 197 exercitum

158 224 276 259 traici'
296 236 414 273 posse
438 224 674 263 credebant.
725 226 836 274 Quos
861 229 936 277 ipsi
961 227 1094 266 adhue
1118 231 1215 266 satis
1240 242 1347 267 arro-

156 298 303 344 ganter
326 293 563 347 Allobroges
589 299 876 348 equitatusque
901 300 1043 343 omnis,
1068 300 1141 350 qui—
1161 311 1208 337 eo
1231 311 1347 350 prae-

156 365 299 401 missus
323 370 411 402 erat
434 378 459 402 a
480 366 609 412 nobis,
633 368 901 413 sustinebant,
925 374 1144 420 nostroque
1167 369 1347 408 adventu

157 437 344 472 sustineri
371 434 525 474 facilius
555 449 672 487 posse
702 438 951 477 confidimus.
1005 439 1174 485 Tamen,
1203 442 1236 478 si
1265 453 1346 491 quo

158 507 282 543 etiam
302 519 397 543 casu
419 491 572 545 Isaram
592 520 635 545 se
657 511 903 555 traiecerint,
925 522 977 547 ne
998 510 1107 560 quod
1128 509 1346 548 detrimen—

157 580 247 613 tum
274 577 519 627 reipublicae
547 580 775 630 iniungant,
804 593 962 617 summa
989 593 1014 617 a
1042 581 1156 618 nobis
1185 580 1348 619 dabitur

118 651 139 682 5
158 659 294 696 opera.
342 647 421 686 Vos
443 661 638 699 magnum
658 652 838 687 animum
860 652 1138 702 optimamque
1159 664 1274 702 spem
1295 651 1348 689 de

157 730 314 754 summa
346 719 553 768 republica
585 719 736 758 habere
770 720 965 766 volumus,
998 734 1091 759 cum
1124 727 1167 759 et
1199 734 1271 760 nos
1305 726 1348 759 et

159 791 359 826 exercitus
384 795 554 835 nostros,
579 790 769 842 singulari
793 791 1004 829 concordia
1026 794 1272 837 coniunctos,
1295 792 1350 830 ad

158 861 292 896 omnia
307 872 380 909 pro
396 860 507 897 vobis
524 860 694 898 videatis
710 867 888 911 paratos.
930 861 1012 900 Sed
1027 867 1168 900 tamen
1182 862 1282 900 nihil
1296 862 1349 901 de

158 929 368 980 diligentia
407 933 619 968 remittere
657 931 830 976 debetis,
868 931 1048 984 dareque
1085 945 1264 983 operam,
1301 938 1349 970 ut

158 1012 280 1049 quam
294 1002 535 1050 paratissimi
552 1007 595 1038 et
611 1002 662 1039 ab
684 1004 864 1039 exercitu
878 1002 1123 1054 reliquisque
1137 1003 1258 1041 rebus
1275 1016 1349 1054 pro

159 1075 293 1107 vestra
318 1070 449 1108 salute
474 1077 614 1109 contra
639 1071 988 1111 sceleratissimam
1012 1075 1349 1124 conspirationem

159 1140 335 1178 hostium
361 1141 649 1193 confligamus;
691 1145 759 1194 qui
787 1143 951 1194 quidem
980 1156 1047 1181 eas
1074 1146 1222 1194 copias,
1250 1157 1349 1195 quas

159 1210 228 1248 diu
257 1211 511 1249 simulatione
540 1212 784 1262 reipublicae
809 1214 1111 1264 comparabant,
1135 1214 1269 1252 subito
1297 1214 1351 1253 ad

158 1284 316 1332 patriae
333 1282 556 1332 periculum
574 1289 874 1322 converterunt.

681 1511 813 1572 XIIlB

308 1618 349 1644 D.
376 1618 528 1644 BRUTUS
556 1618 635 1644 COS.
664 1619 791 1645 DESIG.
818 1619 850 1645 S.
878 1620 919 1646 D.
946 1620 992 1646 M.
1019 1620 1203 1646 CICERONI

567 1700 727 1740 Parmae,
745 1712 849 1734 A.u.c.
870 1704 946 1735 711.

211 1785 448 1823 Parmenses
466 1787 707 1824 miserrimos
730 1815 738 1824 .
761 1816 770 1824 .
792 1815 800 1824 .
823 1816 832 1825 .

209 1901 224 1916 ⁶
248 1896 360 1929 These
371 1896 497 1935 words,
510 1897 622 1929 found
635 1899 670 1929 in
682 1897 742 1930 the
756 1897 866 1930 Index
877 1901 915 1930 to
930 1898 983 1937 M,
996 1909 1055 1931 are
1067 1898 1114 1931 all
1125 1899 1203 1932 that
1214 1899 1348 1932 remain

161 1940 203 1972 of
210 1939 279 1972 this
291 1940 402 1978 letter,
416 1940 530 1972 which
543 1940 718 1982 probably
729 1940 911 1974 described
925 1942 1102 1984 Antony's
1114 1942 1231 1982 brutal
1243 1946 1349 1976 treat-

160 1989 238 2028 464·
