1448 2236
674 42 875 82 CICERO

179 149 345 194 putaret
361 158 428 183 me
445 145 590 185 idcirco
609 147 831 193 discedere,
849 147 958 198 quod
974 147 1170 198 quosdam
1186 146 1367 186 homines

179 208 283 246 oculi
311 212 394 247 mei
422 209 529 249 ferre
558 225 639 249 non
667 217 846 262 possent.
900 211 1015 250 Haec
1045 225 1120 263 ego
1149 213 1367 263 suspicans,

179 272 310 311 adhuc
337 273 491 312 Romae
519 288 692 321 maneo;
732 281 775 314 et
797 281 937 314 tamen
961 273 1182 325 λεληθότως
1203 288 1368 314 consue-

178 337 278 375 tudo
310 338 502 376 diuturna
532 339 677 377 callum
708 343 789 378 iam
821 340 991 378 obduxit
1024 339 1231 378 stomacho
1260 353 1365 378 meo.

137 407 159 437 4
178 401 316 440 Habes
334 406 533 442 rationem
550 406 633 442 mei
650 405 799 443 consili.
853 405 942 443 Tibi
959 406 1084 456 igitur
1101 404 1175 443 hoc
1193 417 1338 442 censeo
1356 417 1366 442 ι

177 466 388 505 latendum
420 471 622 519 tantisper
653 469 820 515 ibidem,
847 469 945 507 dum
970 467 1240 507 defervescat1
1266 468 1366 506 haec

175 531 409 582 gratulatio,
438 538 481 571 et
507 533 625 571 simul
651 533 748 571 dum
775 534 999 579 audiamus,
1025 533 1366 584 quemadmodum

176 599 387 647 negotium
413 596 643 636 confectum
671 600 751 643 sit3
792 597 1023 636 confectum
1050 600 1158 636 enim
1184 610 1271 635 esse
1297 610 1366 635 ex-

175 662 322 699 istimo.
378 662 522 713 Magni
553 668 692 701 autem
722 665 922 709 intererit,
953 665 1023 714 qui
1052 661 1177 700 fuerit
1206 664 1364 700 victoris

175 728 346 772 animus,
366 729 435 778 qui
456 730 590 766 exitus
608 741 757 766 rerum.
811 727 1070 779 Quamquam
1089 740 1169 778 quo
1187 740 1255 764 me
1273 739 1364 764 con-

135 798 156 828 5
175 792 330 829 iectura
347 792 484 838 ducat,
501 792 633 831 habeo
651 805 661 838 3
692 793 766 831 sed
783 798 975 844 exspecto
991 798 1144 830 tamen.
1195 791 1255 829 Te
1270 804 1364 829 vero

174 855 280 902 nolo,
299 859 376 894 nisi
394 859 481 907 ipse
499 871 635 896 rumor
653 860 735 895 iam
752 871 895 895 raucus
916 859 994 895 erit
1011 856 1157 902 factus,
1177 856 1230 894 ad
1246 855 1363 894 Baias

174 923 324 959 venire.
377 921 468 960 Erit
495 924 603 960 enim
629 923 743 960 nobis
769 922 991 968 honestius,
1019 924 1143 960 etiam
1168 933 1261 959 cum
1285 920 1363 958 dis-

174 988 425 1032 cesserimus,
438 987 565 1025 videri
585 990 741 1025 venisse
761 990 803 1025 in
821 987 889 1025 illa
905 987 994 1025 loca
1010 986 1212 1037 ploratum
1229 987 1363 1036 potius

174 1063 296 1101 quam
323 1057 524 1090 natatum.
578 1051 660 1091 Sed
686 1052 787 1090 haec
815 1057 863 1090 tu
888 1052 1061 1098 melius3
1101 1050 1222 1089 modo
1249 1050 1362 1088 nobis

173 1121 257 1153 stet
272 1115 482 1162 illud,‘una
496 1119 632 1155 vivere
647 1120 689 1155 in
704 1117 847 1155 studiis
863 1119 1022 1162 nostris,
1039 1129 1064 1154 a
1079 1116 1224 1167 quibus
1242 1120 1363 1152 antea

171 1180 490 1219 delectationem
523 1181 645 1220 modo
678 1182 935 1232 petebamus,
970 1194 1076 1219 nunc
1108 1193 1204 1219 vero
1239 1181 1362 1218 etiam

174 1244 376 1291 salutem;
421 1260 502 1284 non
533 1246 690 1291 deesse,
722 1248 755 1284 si
786 1248 874 1297 quis
907 1245 1100 1283 adhibere
1129 1243 1252 1288 volet,
1282 1255 1363 1281 non

172 1308 293 1348 modo
307 1314 355 1348 ut
370 1310 625 1356 architectos,
640 1323 781 1348 verum
797 1313 922 1356 etiam
937 1315 984 1347 ut
997 1308 1146 1354 fabros,
1161 1307 1213 1347 ad
1228 1306 1364 1345 aedifi-

172 1374 344 1412 candam
368 1374 673 1425 rempublicam,
699 1380 743 1413 et
769 1377 903 1426 potius
927 1374 1104 1412 libenter
1128 1383 1362 1417 accurrere;

172 1440 205 1476 si
232 1452 352 1478 nemo
380 1445 521 1477 utetur
548 1452 686 1490 opera,
713 1445 855 1477 tamen
883 1444 927 1477 et
953 1438 1128 1476 scribere
1157 1443 1200 1475 et
1226 1436 1363 1487 legere

172 1501 396 1549 πολιτείας;
435 1509 478 1541 et
501 1506 535 1541 si
556 1506 688 1542 minus
715 1506 758 1541 in
780 1505 891 1541 curia
914 1508 1038 1554 atque
1065 1504 1107 1539 in
1130 1500 1231 1546 foro,
1254 1505 1298 1538 at
1321 1502 1363 1538 in

173 1566 320 1605 litteris
344 1573 387 1606 et
408 1568 532 1613 libris,
555 1574 601 1606 ut
623 1568 842 1606 doctissimi
865 1573 1024 1606 veteres
1045 1565 1244 1611 fecerunt,
1266 1577 1363 1615 gna-

223 1670 235 1690 ¹
258 1655 470 1704 Lambinus:
502 1671 695 1704 effervescit
710 1671 822 1709 codd„
833 1671 892 1703 but
910 1671 984 1703 that
1005 1669 1123 1703 Cicero
1138 1669 1264 1702 should
1279 1668 1362 1701 have

176 1715 261 1746 used
290 1714 377 1747 dum
405 1715 445 1747 in
474 1725 495 1746 a
525 1714 687 1756 different
716 1724 811 1746 sense
840 1714 879 1746 in
908 1717 972 1746 two
1000 1712 1126 1754 closely
1153 1711 1363 1745 consecutive

177 1757 309 1790 clauses
326 1758 357 1790 is
374 1757 463 1790 hard
480 1761 514 1790 ιο
530 1757 666 1790 believe.

223 1895 238 1910 ‘¹
261 1891 389 1924 Which
417 1890 536 1924 would
566 1891 611 1924 be
639 1890 699 1923 the
727 1889 824 1923 chief
854 1890 1065 1931 occupation
1094 1888 1135 1922 of
1159 1889 1298 1922 visitors
1325 1891 1364 1921 to

180 1933 300 1973 Baiae,
317 1934 433 1967 where
449 1936 476 1967 it
492 1945 563 1967 was
580 1944 660 1966 now
675 1933 735 1966 the
751 1933 773 1946 “
788 1933 950 1966 season.”
994 1931 1142 1975 Tyrrell.

185 1991 259 2029 190
