1448 2236
649 48 851 107 emano

702 178 799 218 XVI

480 280 621 306 CICERO
648 280 810 306 PAPIRIO
836 280 961 307 PAETO
986 281 1020 309 S·

506 353 549 387 In
564 353 777 394 Tusculano,
794 366 900 388 A.u.c.
918 357 995 389 708.
1043 366 1045 371 ’

122 439 135 472 l
209 432 479 471 Delectarunt
505 445 573 470 me
601 438 698 470 tuae
725 431 902 480 litterae,
930 435 971 472 in
1000 434 1144 484 quibus
1169 435 1345 486 primum

158 490 289 525 amavi
310 500 489 525 amorem
508 491 640 532 tuum,
661 489 730 538 qui
750 492 794 525 te
815 487 867 525 ad
887 488 1142 526 scribendum
1162 491 1345 527 incitavit

156 547 382 586 verentem,
410 552 462 578 ne
489 539 606 578 Silius
633 554 705 578 suo
731 543 874 579 nuntio
902 541 1054 592 aliquid
1080 541 1177 580 mihi
1204 542 1344 580 sollici-

156 595 307 633 tudinis
323 594 526 633 attulisset
543 607 553 639 ;
582 594 635 632 de
650 607 730 645 quo
746 600 790 632 et
804 600 850 632 tu
865 595 962 633 mihi
979 601 1102 634 antea
1117 597 1343 647 scripseras,

157 650 217 688 bis
235 649 400 701 quidem
419 648 562 686 eodem
581 648 781 699 exemplo,
800 647 918 687 facile
936 654 982 687 ut
999 649 1281 701 intellegerem
1299 655 1343 688 te

159 716 246 741 esse
269 709 518 741 commotum
537 716 546 748 ;
584 709 627 741 et
650 716 727 755 ego
749 704 825 742 tibi
848 710 1035 743 accurate
1057 707 1351 756 rescripseram,
1410 723 1412 732 2

160 762 205 794 ut
227 770 307 808 quo
328 757 449 795 modo
471 760 512 795 in
534 757 604 795 tali
627 771 670 795 re
693 763 818 808 atque
840 763 1026 809 tempore
1047 764 1120 796 aut
1140 758 1352 797 liberarem
1409 755 1415 761 ⁸

123 813 144 844 2
162 813 206 845 te
226 809 305 846 ista
324 821 420 845 cura
440 813 511 846 aut
531 814 642 847 certe
662 809 852 848 levarem.
905 810 987 850 Sed
1007 815 1197 863 quoniam
1217 815 1350 864 proxi-

161 863 236 899 mis
254 875 415 912 quoque
431 861 576 900 litteris
594 863 786 909 ostendis,
804 870 982 915 quantae
999 866 1075 904 tibi
1093 880 1214 905 curae
1231 870 1284 906 sit
1301 881 1351 906 ea
1410 886 1413 887 ⁷

161 928 239 960 res,
279 918 348 961 sic,
388 918 443 953 mi
484 915 625 962 Paete,
665 916 816 956 habeto
835 931 844 956 :
898 919 1096 970 quidquid
1135 925 1224 959 arte
1263 921 1350 959 fieri

162 972 341 1019 potuerit
368 970 465 1020 (non
493 972 602 1007 enim
627 972 721 1008 iam·
735 974 831 1009 satis
860 977 923 1010 est
949 973 1112 1012 consilio
1138 987 1349 1026 pugnare;

162 1023 374 1061 artificium
397 1024 602 1074 quoddam
627 1026 940 1076 excogitandum
967 1027 1044 1079 est)
1064 1040 1074 1074 ;
1112 1029 1186 1067 sed
1209 1034 1350 1069 tamen

161 1078 357 1129 quidquid
395 1077 590 1116 elaborari
628 1084 700 1117 aut
737 1079 837 1118 effici
874 1083 1054 1131 potuerit
1092 1082 1144 1120 ad
1182 1085 1349 1121 istorum

160 1131 486 1170 benevolentiam
508 1132 797 1171 conciliandam
822 1139 865 1172 et
887 1134 1168 1186 colligendam,
1193 1149 1349 1175 summo

160 1186 294 1224 studio
311 1199 377 1223 me
394 1191 656 1224 consecutum
676 1200 764 1225 esse
781 1200 791 1233 ;
824 1201 901 1226 nec
917 1187 1080 1235 frustra,
1099 1195 1146 1228 ut
1164 1191 1347 1228 arbitror.

159 1238 222 1277 Sic
253 1242 360 1277 enim
389 1239 509 1285 color,
539 1242 594 1278 sic
623 1241 812 1279 observor
841 1242 892 1280 ab
922 1243 1106 1281 omnibus
1136 1245 1198 1290 iis,
1226 1246 1296 1295 qui
1324 1257 1350 1282 a

158 1293 330 1331 Caesare
350 1294 585 1344 diliguntur,
604 1299 651 1332 ut
669 1295 720 1332 ab
737 1297 784 1333 iis
803 1308 870 1334 me
888 1299 1012 1334 amari
1030 1303 1189 1348 putem.
1243 1297 1348 1335 Nam

159 1350 235 1385 etsi
258 1362 339 1385 non
362 1347 480 1385 facile
505 1348 748 1386 diiudicatur
773 1362 884 1388 amor
906 1363 1023 1388 verus
1050 1357 1093 1389 et
1118 1351 1248 1398 fictus,
1272 1353 1347 1389 nisi

158 1401 319 1455 aliquod
348 1402 500 1439 incidat
534 1403 728 1440 eiusmodi
759 1408 936 1454 tempus,
967 1409 1028 1450 ut,
1060 1407 1175 1456 quasi
1206 1418 1347 1443 aurum

155 1457 253 1506 igni,
276 1456 331 1494 sic
354 1455 641 1494 benevolentia
665 1456 793 1495 fidelis
817 1457 994 1508 periculo
1018 1458 1151 1510 aliquo
1175 1461 1347 1510 perspici
1411 1467 1414 1471 ’

154 1511 294 1560 possit,
309 1515 446 1548 cetera
461 1515 555 1548 sunt
570 1513 684 1561 signa
698 1513 926 1549 communia
942 1524 952 1557 ;
981 1512 1054 1550 sed
1069 1525 1145 1564 ego
1162 1526 1241 1552 uno
1256 1518 1348 1551 utor
1414 1524 1422 1528 ”

156 1568 409 1614 argumento,
422 1565 686 1614 quamobrem
699 1578 766 1603 me
779 1578 830 1603 ex
842 1567 976 1604 animo
987 1579 1162 1618 vereque
1177 1567 1347 1605 arbitrer

204 1677 219 1694 ⁰
244 1673 423 1716 Probably
441 1674 502 1707 the
520 1673 628 1707 Silius
647 1675 727 1707 who
747 1686 818 1708 was
836 1685 901 1717 pro
928 1679 1044 1709 raetor
1064 1676 1105 1709 of
1122 1676 1291 1719 Bithynia
1309 1678 1346 1710 in

157 1720 196 1748 51
225 1727 302 1755 13.c.‚
320 1720 358 1750 to
380 1717 497 1749 whom
521 1719 592 1750 xiii.
614 1719 654 1751 61
680 1718 709 1751 is
731 1686 934 1752 addresseg.
996 1719 1104 1753 Some
1126 1731 1287 1763 message
1308 1720 1349 1754 of

156 1759 211 1835 llis
226 1759 300 1835 hag
314 1760 420 1793 made
435 1760 557 1793 Cicero
573 1771 708 1803 uneasy
723 1761 835 1794 about
849 1761 1012 1795 Caesar's
1027 1762 1176 1806 feelings
1193 1763 1346 1797 towards

181 1813 268 1835 unse
299 1826 309 1835 .

202 1846 215 1866 δ
237 1846 289 1878 To
305 1856 432 1879 ensure
449 1845 605 1879 Cicero’s
620 1848 760 1889 getting
774 1847 835 1880 the
852 1847 964 1885 letter,
979 1847 1108 1882 Paetus
1125 1848 1196 1882 had
1207 1850 1345 1883 written

156 1888 183 1921 it
205 1892 268 1921 out
290 1890 403 1927 twice,
422 1890 547 1932 giving
572 1889 659 1922 each
682 1900 775 1932 copy
798 1894 834 1923 to
857 1901 880 1924 a
901 1891 1066 1925 different
1089 1892 1345 1926 letter-carrier.

158 1930 442 1965 Letter—carriers
454 1943 544 1966 were
557 1935 620 1966 not
634 1932 768 1976 always
783 1936 820 1966 to
835 1933 882 1967 be
896 1934 1045 1968 trusted.
1092 1935 1105 1974 (
1111 1934 1168 1978 Of.
1185 1936 1231 1969 iv.
1246 1937 1281 1969 4.
1300 1936 1348 1979 1.)

162 1987 239 2023 238
