1448 2236
644 58 845 99 CICERO

195 160 304 211 quod
346 165 548 211 persecuti
593 176 675 201 non
717 166 815 202 sitis.
887 163 1071 215 Opprimi
1114 166 1308 215 potuisse,
1350 168 1383 204 si

194 236 378 274 celeritas
398 237 580 275 adhibita
600 244 720 284 esset,
741 242 988 279 existimant.
1033 239 1208 278 Omnino
1228 245 1290 278 est
1307 239 1384 278 hoc

193 312 344 362 populi,
374 316 633 365 maximeque
664 317 804 361 nostri,
835 318 878 353 in
908 328 956 354 eo
986 318 1239 366 potissimum
1268 316 1382 354 abuti

191 387 396 434 libertate,
417 402 490 439 per
512 403 634 441 quem
657 404 747 428 eam
769 397 1007 430 consecutus
1029 394 1094 430 sit.
1142 391 1223 430 Sed
1242 396 1381 429 tamen

190 463 484 513 providendum
510 471 585 511 est,
611 479 663 504 ne
688 479 769 517 qua
793 469 900 504 iusta
925 466 1105 518 querella
1130 479 1218 505 esse
1241 469 1380 517 possit.

191 538 271 577 Res
287 553 330 577 se
347 543 401 578 sic
417 540 555 579 habet.
599 542 639 580 Is
654 542 806 580 bellum
822 542 1055 588 confecerit,
1072 545 1141 594 qui
1157 543 1380 580 Antonium

190 618 448 665 oppresserit.
504 617 592 656 Hoc
621 631 743 669 quam
771 620 852 656 vim
881 618 1046 665 habeat,
1074 624 1119 657 te
1149 620 1380 656 existimare

189 690 309 737 malo,
327 705 451 743 quam
468 705 535 730 me
553 696 733 744 apertius
751 694 940 733 scribere.

716 896 847 934 XIIIA

451 1010 494 1039 D.
521 1012 672 1038 BRUTUS
702 1012 788 1038 IMP.
816 1013 848 1039 S.
875 1013 916 1038 D.
943 1013 988 1039 M.
1014 1013 1054 1040 T.
1079 1012 1116 1041 C·

574 1102 777 1142 Pollentiae,
793 1114 898 1137 A.u.c.
917 1106 994 1137 711.

149 1183 167 1215 1
239 1178 326 1216 Iam
346 1192 428 1217 non
446 1192 524 1231 ago
544 1179 619 1217 tibi
638 1182 804 1230 gratias.
851 1179 925 1218 Cui
947 1182 1055 1219 enim
1073 1193 1120 1218 re
1138 1182 1204 1218 vix
1224 1177 1374 1218 referre

185 1266 361 1304 possum,
410 1254 502 1293 huic
551 1256 682 1293 verbis
732 1268 813 1294 non
861 1259 1016 1306 patitur
1063 1269 1127 1294 res
1176 1255 1376 1294 satisfieri.

185 1330 415 1369 Attendere
434 1336 478 1369 te
495 1331 598 1377 volo,
618 1344 722 1384 quae
741 1334 784 1369 in
801 1332 985 1370 manibus
1004 1337 1112 1370 sunt.
1157 1331 1250 1379 Qua
1268 1333 1376 1369 enim

183 1406 402 1456 prudentia
416 1420 472 1452 es,
487 1407 585 1444 nihil
598 1412 642 1445 te
656 1406 802 1458 fugiet,
817 1409 849 1445 si
863 1421 974 1445 meas
987 1407 1145 1446 litteras
1160 1406 1376 1459 diligenter

185 1481 351 1533 legeris.
401 1482 524 1534 Sequi
556 1482 770 1521 confestim
801 1484 1026 1522 Antonium
1057 1482 1117 1521 his
1148 1482 1201 1521 de
1232 1483 1374 1528 causis,

187 1557 340 1603 Cicero,
351 1571 433 1596 non
443 1561 558 1608 potui
574 1571 583 1603 3
611 1571 722 1596 eram
734 1561 820 1596 sine
834 1559 1050 1610 equitibus,
1063 1561 1149 1596 sine
1160 1560 1351 1596 iumentis
1364 1569 1375 1602 ;

186 1633 363 1671 Hirtium
386 1636 552 1684 periisse
575 1635 828 1679 nesciebam3
871 1634 1034 1672 Caesari
1055 1647 1137 1672 non
1159 1633 1374 1672 credebam
1440 1646 1448 1650 ·

185 1711 308 1759 prius,
335 1723 458 1761 quam
483 1712 758 1748 convenissem
787 1715 829 1747 et
855 1709 1073 1748 collocutus
1102 1722 1245 1748 essem.
1297 1709 1374 1747 Hic
1439 1702 1448 1755 ζῖ

147 1789 168 1820 2
186 1784 271 1822 dies
290 1784 365 1823 hoc
384 1785 504 1823 modo
523 1786 636 1824 abiit.
682 1785 848 1823 Postero
868 1785 934 1823 die
953 1798 1073 1823 mane
1091 1798 1117 1822 a
1136 1785 1267 1823 Pansa
1285 1798 1374 1822 sum

186 1863 397 1899 arcessitus
421 1861 655 1900 Bononiam.
706 1860 808 1899 Cum
826 1863 868 1898 in
887 1863 1032 1898 itinere
1053 1873 1196 1906 essem,
1214 1862 1373 1897 nuntia-

186 1941 275 1974 tum
295 1936 391 1974 mihi
418 1942 480 1974 est
507 1950 599 1974 eum
619 1943 823 1975 mortuum
850 1949 951 1975 esse.
997 1936 1161 1974 Recurri
1185 1936 1238 1973 ad
1269 1948 1376 1972 meas
1430 1959 1432 1961 >

190 1996 268 2036 460
