1448 2236
669 66 870 107 CICERO

173 169 384 207 viverem?
440 170 520 209 Sed
549 177 614 210 est
641 185 781 210 earum
809 175 948 219 etiam,
975 186 1057 212 non
1083 175 1265 218 satietas,
1290 171 1363 211 sed
1433 167 1434 170 ¹

175 224 342 275 quidam
354 227 512 265 modus.
565 228 603 266 A
616 229 762 279 quibus
773 242 866 267 cum
878 229 1054 275 discessi,
1066 231 1143 268 etsi
1153 230 1362 266 minimum

174 280 272 319 mihi
300 288 362 321 est
386 285 429 321 in
445 297 547 322 cena
565 284 691 335 (quod
714 291 761 323 tu
783 299 908 323 unum
927 285 1071 336 ζήτημα
1092 285 1214 324 Dioni
1237 284 1362 336 philo·

177 338 302 388 sopho
320 341 506 391 posuisti)
525 346 666 379 tamen
685 342 781 392 quid
802 345 936 392 potius
954 341 1114 388 faciam,
1131 344 1363 392 priusquam

136 398 158 431 2
176 407 243 432 me
264 395 484 434 dormitum
504 396 724 443 conferam,
744 412 826 437 non
844 401 1015 449 reperio.
1069 398 1178 436 Audi
1196 398 1363 450 reliqua.

178 450 290 490 Infra
315 452 583 503 Eutrapelum
610 454 797 506 Cytheris
824 455 1024 494 accubuit.
1078 455 1126 492 In
1153 468 1202 494 eo
1227 457 1365 506 igitur,

177 509 325 559 inquis,
342 512 523 549 convivio
542 510 682 549 Cicero
699 511 780 556 ille,

226 606 333 638 quem
348 597 593 640 aspectabant,
607 599 709 631 cuius
724 597 772 631 ob
787 609 826 632 os
842 597 941 632 Graii
956 598 1020 631 ora
1033 597 1266 632 obvertebant
1279 598 1368 631 sua?
1428 606 1430 609 ·

181 673 287 720 Non,
311 675 558 721 mehercule,
585 678 808 726 suspicatus
834 690 924 714 sum
948 675 1058 714 illam
1084 675 1236 715 adfore.
1288 674 1369 714 Sed

181 735 322 770 tamen
339 731 570 783 Aristippus
589 732 754 783 quidem
771 732 838 771 ille
856 732 1079 771 Socraticus
1096 745 1177 770 non
1195 731 1369 776 erubuit,

181 801 275 826 cum
310 794 419 827 esset
453 789 673 834 obiectum,
707 788 859 827 habere
894 801 987 826 eum
1023 788 1177 826 Laida:
1225 786 1370 833 Habeo,

182 846 329 896 inquit,
350 858 423 883 non
445 843 581 884 habeor
602 859 626 883 a
646 844 778 883 Laide.
832 845 988 884 Graece
1008 844 1084 883 hoe
1105 845 1247 883 melius
1265 856 1275 890 ;
1310 849 1371 889 tu,

183 902 216 939 si
240 901 363 947 voles,
387 902 725 952 interpretabere.
780 901 853 939 Me
876 914 971 940 vero
995 900 1093 939 nihil
1115 904 1297 947 istorum,
1318 913 1372 938 ne

182 960 372 996 iuvenem
398 958 577 1009 quidem,
601 959 728 996 movit
752 970 974 1009 umquam3
1012 971 1064 996 ne
1089 970 1195 995 nunc
1218 969 1371 995 senem.

184 1014 375 1053 Convivio
410 1014 618 1060 delector;
667 1015 723 1052 ibi
755 1014 898 1065 loquor
932 1014 1041 1065 quod
1074 1016 1116 1052 in
1150 1013 1292 1059 solum,
1326 1018 1373 1051 ut

143 1076 164 1109 3
183 1071 342 1117 dicitur,
363 1077 406 1109 et
423 1073 623 1123 gemitum
642 1073 683 1108 in
706 1072 806 1109 risus
830 1072 1025 1108 maximos
1044 1068 1254 1107 transfero.
1306 1067 1373 1106 An

185 1134 232 1166 tu
247 1128 289 1167 id
303 1128 460 1174 melius,
477 1130 545 1179 qui
563 1130 687 1166 etiam
702 1130 743 1165 in
757 1127 1039 1178 philosophum
1053 1127 1218 1164 irriseris
1235 1125 1251 1163 ?
1293 1124 1372 1172 Qui

185 1198 278 1223 cum
301 1185 383 1231 ille,
408 1187 440 1222 si
466 1187 555 1235 quis
580 1185 678 1235 quid
702 1190 933 1235 quaereret,
957 1183 1139 1229 dixisset,
1162 1194 1305 1221 cenam
1329 1187 1372 1218 te

184 1255 380 1294 quaerere
394 1255 419 1279 a
432 1254 551 1279 mane
564 1242 724 1279 dixeris.
779 1241 852 1279 Ille
866 1242 963 1279 baro
976 1245 1021 1279 te
1032 1239 1207 1291 putabat
1218 1240 1373 1290 quaesi-

184 1304 336 1343 turum,
359 1311 484 1335 unum
508 1297 665 1335 caelum
689 1302 797 1334 esset
820 1309 872 1334 an
893 1294 1211 1333 innumerabilia.
1264 1292 1372 1341 Quid
1423 1334 1425 1336 ,

186 1355 239 1394 ad
279 1355 356 1393 te?
424 1353 524 1392 “At
556 1353 719 1403 hercule
750 1366 852 1391 cena
883 1365 981 1390 num
1013 1352 1111 1403 quid
1143 1351 1196 1390 ad
1226 1356 1286 1396 te,
1316 1350 1371 1387 ibi

231 1517 245 1532 ‘¹
269 1511 400 1552 “Quia
427 1512 610 1548 mereti-113
657 1520 741 1543 nam
772 1510 941 1543 honestae
967 1508 1130 1542 mulieres
1161 1506 1370 1545 sedebant‚”

191 1555 389 1589 Manutius.
435 1554 511 1587 The
533 1555 719 1596 quotation
739 1553 856 1586 which
877 1551 1014 1586 follows
1036 1553 1064 1584 is
1086 1549 1263 1594 probably
1276 1551 1370 1583 from

185 1599 247 1632 the
263 1598 401 1631 Telamo
416 1597 457 1630 of
469 1597 616 1629 Ennius.

234 1641 248 1661 δ
270 1641 346 1674 The
372 1639 463 1673 head
491 1639 531 1672 of
553 1639 614 1672 the
641 1638 814 1681 Cyrenaic
839 1637 970 1672 school.
1017 1637 1075 1670 He
1100 1635 1182 1670 held
1206 1636 1286 1670 that
1310 1635 1370 1668 the

185 1684 309 1726 bodily
334 1684 495 1726 pleasure
520 1681 561 1715 of
583 1682 643 1715 the
669 1684 828 1714 moment
852 1691 924 1714 was
949 1680 1011 1714 the
1033 1690 1208 1713 summam
1233 1678 1368 1716 bonum,

185 1727 258 1760 and
289 1727 368 1760 that
400 1727 580 1764 εὐδαιμονία
612 1723 833 1767 (happiness)
877 1734 948 1757 was
991 1723 1052 1756 the
1087 1732 1167 1755 sum
1203 1721 1244 1755 of
1282 1721 1369 1754 such

185 1773 371 1803 moments.
419 1768 622 1810 According
651 1770 689 1801 to
719 1767 936 1805 Athenaeus,
967 1765 1028 1799 the
1057 1764 1172 1798 words
1202 1763 1289 1798 used
1319 1763 1369 1806 by

184 1813 387 1855 Aristippus
403 1822 493 1864 vyere
515 1813 582 1852 ἔχω
596 1813 649 1843 καὶ
666 1811 722 1842 οὐκ
741 1812 868 1850 ἔχομαι,
884 1808 925 1842 of
944 1807 1057 1842 which
1080 1808 1140 1841 the
1161 1806 1367 1841 translation

183 1856 357 1932 gltesOlhfi
371 1858 572 1940 goffib'ught
586 1906 633 1929 on
647 1895 708 1929 the
721 1898 759 1928 ta
785 1895 850 1934 is,”
866 1894 1004 1936 though
1019 1894 1083 1926 Dr.
1099 1892 1188 1927 Reid
1204 1890 1326 1926 thinks
1341 1893 1368 1924 it

184 1952 269 1984 may
286 1951 390 1975 mean
408 1940 429 1955 ‘⁴
444 1941 540 1974 what
556 1942 666 1973 meets
681 1938 742 1972 the
773 1937 869 1977 oot,”
885 1937 932 1980 of.
949 1940 990 1969 τὰ
1006 1939 1039 1969 ἐν
1055 1938 1143 1970 ποσί.
1424 1946 1425 1949 ’

189 1997 266 2032 282
