1448 2236
698 62 899 101 CICERO

202 172 420 218 utrumque
442 180 529 205 esse
550 166 696 205 falsum
714 172 816 217 puto
830 179 900 204 vos
921 165 1243 204 animadvertere
1265 170 1390 216 atque

202 221 300 259 illud
329 234 416 259 esse
435 234 575 259 verum
595 220 703 272 quod
732 221 886 258 Hirtius
906 219 1226 264 demonstrabat,
1245 221 1390 256 timere

203 288 297 312 eum
343 288 408 320 ne,
454 277 486 312 si
521 275 722 312 mediocre
757 274 950 311 auxilium
984 274 1194 325 dignitatis
1229 278 1390 311 nostrae

204 328 495 374 habuissemus,
532 328 666 366 nullae
703 333 840 379 partes
878 327 970 366 sibi1
1010 329 1053 364 in
1088 326 1294 377 republica
1329 338 1391 364 re-

203 383 465 434 linqueretur.

164 441 185 473 2
257 436 359 474 Cum
388 439 430 473 in
457 436 517 474 his
546 438 742 487 angustiis
769 448 964 481 versarer,
981 434 1176 485 placitum
1205 439 1268 472 est
1295 432 1392 470 mihi

204 495 251 528 ut
278 490 526 540 postularem
553 490 801 541 legationem
827 489 996 527 liberam
1023 488 1122 526 mihi
1148 487 1392 539 reliquisque

205 547 363 590 nostris,
383 550 430 582 ut
449 544 583 595 aliqua
602 557 722 582 causa
740 542 1016 594 proficiscendi
1035 542 1207 579 honesta
1225 553 1393 592 quaere-

206 603 330 636 retur.
394 598 507 635 Haec
541 611 584 635 se
617 600 929 648 impetraturum
961 596 1160 647 pollicitus
1195 600 1281 640 est3
1318 607 1393 632 nec

205 657 345 689 tamen
376 654 689 702 impetraturum
716 651 899 696 confido3
942 655 1059 688 tanta
1092 654 1155 687 est
1186 648 1393 687 hominum

205 705 419 743 insolentia
438 711 481 743 et
500 708 623 743 nostri
643 707 870 743 insectatio.
932 705 993 742 Ac
1011 706 1042 741 si
1066 703 1267 748 dederint,
1285 701 1395 753 quod

205 763 396 810 petimus,
408 765 549 797 tamen
559 759 693 809 paullo
705 764 798 809 post
808 758 992 796 futurum
1002 763 1117 808 puto,
1130 762 1176 794 ut
1187 756 1324 794 hostes
1335 758 1394 792 iu-

166 819 187 851 3
205 813 398 858 dicemur,
418 819 491 851 aut
509 826 616 864 aqua
639 818 682 850 et
707 815 791 864 igni
816 811 1116 850 interdicamur.
1169 809 1279 857 Quid
1298 822 1394 860 ergo

208 873 284 912 est,
302 870 448 918 inquis,
468 869 528 904 tui
548 866 684 904 consili
702 867 716 904 ?
772 866 940 903 Dandus
965 870 1028 903 est
1054 864 1163 902 locus
1181 862 1394 908 fortunae;

205 921 433 959 cedendum
456 934 506 958 ex
530 920 661 966 Italia,
682 919 939 971 migrandum
960 918 1148 956 Rhodum
1167 922 1241 955 aut
1261 916 1395 967 aliquo

205 980 406 1013 terrarum
422 975 606 1012 arbitror.
649 973 690 1012 Si
706 973 846 1011 melior
862 984 976 1011 casus
991 971 1130 1017 fuerit,
1145 975 1396 1009 revertemur

207 1028 398 1075 Romam
426 1031 458 1066 si
471 1028 696 1073 mediocris,
708 1029 750 1065 in
764 1027 902 1065 exsilio
914 1028 1114 1070 vivemus;
1140 1026 1174 1063 si
1185 1026 1394 1075 pessimus,

167 1089 188 1119 4
207 1083 259 1121 ad
271 1085 484 1121 novissima
496 1082 645 1120 auxilia
657 1081 962 1119 descendemus.
1000 1078 1214 1117 Succurret
1224 1076 1395 1116 fortasse

207 1136 282 1175 hoc
318 1136 405 1175 loco
444 1136 560 1174 alicui
599 1141 792 1180 vestrum,
830 1148 900 1172 cur
938 1135 1196 1171 novissimum
1233 1137 1395 1182 tempus

207 1196 490 1241 exspectemus
516 1192 664 1240 potius,
692 1202 816 1240 quam
841 1201 948 1226 nunc
974 1186 1127 1238 aliquid
1151 1184 1394 1224 moliamur?

207 1244 326 1292 Quia,
357 1245 427 1282 ubi
459 1246 736 1288 consistamus,
768 1255 849 1280 non
881 1241 1076 1279 habemus
1106 1244 1271 1290 praeter
1300 1237 1394 1277 Sex.

207 1298 445 1349 Pompeium
467 1303 509 1335 et
536 1297 704 1335 Bassum
725 1295 956 1340 Caecilium,
978 1297 1046 1346 qui
1072 1293 1171 1331 mihi
1193 1291 1394 1336 videntur,

206 1352 280 1390 hoc
301 1355 443 1389 nuntio
465 1351 517 1389 de
539 1351 712 1388 Caesare
732 1349 869 1395 allato,
890 1349 1083 1386 firmiores
1102 1346 1243 1385 futuri.
1289 1345 1394 1383 Satis

205 1412 390 1456 tempore
436 1405 489 1443 ad
536 1418 602 1442 eos
649 1404 901 1448 accedemus,
947 1402 1030 1447 ubi,
1075 1400 1173 1452 quid
1218 1398 1394 1444 valeant,

206 1462 423 1497 scierimus.
463 1458 539 1496 Pro
552 1458 688 1496 Cassio
702 1463 744 1495 et
756 1463 813 1502 te,
826 1459 857 1494 si
871 1456 969 1507 quid
979 1468 1046 1494 me
1057 1454 1189 1492 velitis
1199 1455 1394 1503 recipere,

206 1515 410 1564 recipiam.
476 1510 660 1550 Postulat
699 1514 807 1549 enim
844 1510 919 1548 hoc
958 1509 1113 1547 Hirtius
1151 1512 1199 1545 ut
1234 1505 1394 1544 faciam.

482 1581 495 1601 ¹
518 1582 728 1615 Lambinus:
755 1581 807 1614 his
826 1580 870 1612 M
877 1594 886 1614 ε
911 1581 983 1613 suis
1002 1578 1132 1611 Kalmt.

258 1655 273 1671 ⁰
295 1651 420 1684 hibera
448 1650 573 1692 leyatio
600 1659 672 1681 was
695 1659 741 1681 an
772 1647 950 1680 unofficial
976 1646 1152 1687 embassy,
1180 1643 1349 1685 enabling
1373 1653 1396 1675 a

215 1694 364 1727 Senator
387 1697 425 1727 to
449 1693 546 1726 leave
571 1692 684 1725 Rome
711 1702 757 1724 on
789 1691 842 1723 his
866 1701 945 1723 own
969 1690 1104 1731 private
1129 1687 1251 1720 affairs
1273 1689 1312 1719 at
1335 1685 1396 1718 the

213 1738 421 1814 εχξεὲἒὲῒῗιξ
431 1736 633 1820 ῒὲἓιξέῗίῗε
654 1783 726 1810 'was
749 1788 828 1809 now
849 1785 982 1817 among
1003 1774 1063 1807 the
1086 1773 1254 1806 Lacetani
1277 1775 1315 1804 at
1336 1770 1396 1804 the

211 1824 286 1856 foot
302 1825 343 1856 of
354 1823 414 1856 the
432 1822 616 1864 Pyrenees,
633 1819 801 1862 standing
816 1822 878 1852 out
894 1820 1034 1860 against
1050 1817 1194 1850 Asinius
1212 1814 1334 1848 Pollio.

258 1871 270 1886 ⁰
294 1866 466 1899 Caecilius
505 1865 635 1897 Bassus
668 1863 739 1896 had
771 1861 947 1904 intrigued
980 1862 1120 1903 against
1151 1859 1246 1892 Sext.
1278 1857 1395 1890 Julius

210 1909 352 1948 Caesar,
373 1909 452 1941 who
473 1907 543 1940 had
564 1908 653 1940 been
674 1905 866 1949 appointed
887 1904 1070 1938 Governor
1089 1903 1131 1935 of
1147 1902 1253 1944 Syria
1271 1900 1296 1933 b
1342 1899 1396 1932 his

212 1953 354 1986 relative
369 1952 408 1985 C.
425 1951 542 1985 Julius
558 1951 688 1984 Caesar
705 1952 741 1982 in
759 1951 814 1982 46.
857 1948 890 1981 A
906 1948 1061 1989 meeting
1077 1944 1222 1983 ensuod‚
1238 1944 1298 1977 wit
1337 1942 1397 1976 the

214 2010 289 2043 428
