1448 2236
657 76 858 116 CICERO

160 179 213 217 ad
231 179 459 226 Caesarem,
477 172 623 218 venisti
640 180 694 218 ad
710 193 777 218 me
794 183 836 218 in
854 180 1124 218 Formianum.
1169 178 1346 217 Primum

159 254 234 293 hoc
280 258 412 306 ipsum
459 258 615 307 quanti,
661 259 902 307 praesertim
947 255 1197 306 temporibus
1243 253 1344 292 illis!

158 329 320 369 Deinde
343 331 513 370 oblitum
538 345 605 369 me
629 337 750 382 putas
769 331 918 379 consili,
939 333 1146 376 sermonis,
1164 329 1346 368 humani-

158 409 255 444 tatis
267 412 365 444 tuae
382 407 398 445 ?
425 408 569 458 quibus
580 408 701 445 rebus
713 410 909 445 interesse
920 409 1086 444 memini
1095 405 1346 443 Trebatium.

158 480 197 518 N
199 494 244 519 ec
262 495 357 520 vero
377 496 465 520 sum
485 483 632 521 oblitus
649 482 878 520 litterarum
895 487 1072 527 tuarum,
1091 494 1190 532 quas
1209 479 1262 518 ad
1278 491 1346 516 me

159 559 313 603 misisti,
349 571 441 596 cum
476 558 638 596 Caesari
674 559 833 596 obviam
867 559 1043 596 venisses
1077 559 1120 594 in
1153 569 1265 607 agro,
1298 559 1346 592 ut

118 637 140 669 4
157 632 342 679 arbitror,
361 634 602 672 Trebulano.
647 633 841 672 Secutum
859 633 958 671 illud
976 638 1138 683 tempus
1159 636 1235 677 est,
1253 642 1346 668 cum

157 720 223 746 me
248 709 302 747 ad
327 709 565 760 Pompeium
589 709 784 760 proficisci
809 711 892 747 sive
916 699 1047 759 pudor
1071 720 1185 745 meus
1210 707 1346 757 coegit

156 785 239 821 sive
256 784 428 822 officium
445 788 528 823 sive
545 784 720 823 fortuna.
765 784 884 832 Quod
900 784 1072 822 officium
1088 788 1219 828 tuum,
1236 780 1346 832 quod

155 859 335 898 studium
356 860 421 898 vel
441 863 484 898 in
504 861 718 898 absentem
739 873 805 898 me
827 859 892 898 vel
912 862 955 897 in
974 863 1211 910 praesentes
1231 868 1344 894 meos

155 933 318 973 defuit?
370 936 504 984 Quem
527 949 646 986 porro
671 948 811 974 omnes
836 937 916 973 mei
943 940 986 973 et
1009 933 1106 972 mihi
1133 938 1176 971 et
1200 932 1276 970 sibi
1299 936 1344 969 te

155 1013 385 1049 amiciorem
414 1012 724 1050 iudicaverunt?
779 1010 883 1048 Veni
909 1010 1179 1048 Brundisium.
1232 1006 1343 1046 Obli-

154 1090 297 1124 tumne
315 1100 382 1125 me
401 1093 535 1138 putas,
555 1101 637 1139 qua
654 1087 880 1133 celeritate,
898 1092 946 1124 ut
962 1089 1138 1137 primum
1155 1083 1343 1128 audieris,

153 1162 207 1200 ad
230 1176 297 1201 me
319 1163 497 1202 Tarento
522 1163 717 1202 advolaris
735 1164 750 1201 ?
790 1175 895 1214 quae
921 1167 992 1200 tua
1013 1161 1139 1200 fuerit
1161 1160 1342 1203 assessio,

154 1241 296 1285 oratio,
334 1239 584 1277 confirmatio
622 1241 746 1276 animi
783 1241 878 1284 mei,
914 1237 1033 1276 fracti
1070 1236 1342 1275 communium

114 1319 136 1350 5
153 1316 403 1352 miseriarum
428 1315 576 1353 metu?
626 1314 810 1352 Tandem
834 1313 1050 1365 aliquando
1074 1311 1228 1350 Romae
1253 1321 1341 1348 esse

153 1392 371 1440 coepimus.
432 1390 540 1437 Quid
573 1388 706 1428 defuit
738 1394 902 1427 nostrae
934 1386 1231 1426 familiaritati?
1291 1384 1341 1423 In

153 1467 338 1503 maximis
361 1466 482 1503 rebus
507 1478 683 1516 quonam
706 1465 827 1507 modo
850 1477 918 1502 me
941 1475 1126 1516 gererem
1149 1461 1340 1500 adversus

154 1538 383 1586 Caesarem,
406 1553 499 1578 usus
527 1546 600 1578 tuo
625 1540 788 1578 consilio
811 1553 914 1585 sum,
941 1542 984 1577 in
1004 1538 1166 1589 reliquis
1188 1536 1339 1581 officio;

153 1618 217 1653 cui
250 1621 298 1654 tu
331 1616 521 1661 tribuisti,
557 1620 729 1665 excepto
763 1614 950 1661 Caesare,
982 1619 1147 1665 praeter
1177 1624 1259 1657 me,
1291 1615 1339 1648 ut

153 1690 318 1729 domum
338 1694 559 1730 ventitares
579 1690 777 1741 horasque
797 1690 944 1728 multas
964 1702 1087 1740 saepe
1106 1689 1338 1726 suavissimo

153 1779 338 1805 sermone
355 1780 609 1806 consumeres
626 1767 642 1805 ?
673 1771 777 1812 tum,
792 1779 885 1804 cum
903 1768 1040 1811 etiam,
1057 1767 1089 1802 si
1105 1764 1336 1807 meministi,

293 1874 310 1891 ⁶
330 1870 405 1904 The
421 1870 504 1933 date
519 1871 561 1904 of
571 1870 641 1921 tbis
656 1869 738 1902 visit
753 1879 824 1902 was
843 1868 969 1902 March
990 1870 1041 1906 19,
1057 1869 1100 1900 49
1118 1877 1182 1900 mc.

528 1911 988 1989 0113323‘03200515313115·

155 2011 231 2052 498
