1448 2236
673 39 874 79 CICERO

175 145 348 183 officiose
367 150 410 183 et
426 150 687 196 peramanter
703 146 933 183 observant.
988 143 1070 183 Ubi
1087 143 1278 182 salutatio
1296 143 1366 182 de-

177 206 308 253 fluxit,
320 206 467 245 litteris
478 220 546 246 me
558 207 729 253 involvo,
743 212 816 245 aut
827 207 957 245 scribo
970 211 1042 245 aut
1053 206 1159 257 lego.
1186 205 1366 244 Veniunt

177 271 316 315 etiam,
338 271 407 320 qui
427 282 495 308 me
517 269 685 308 audiant
707 271 821 321 quasi
843 269 1008 308 doctum
1029 268 1251 314 hominem,
1272 269 1367 319 quia

175 331 311 382 paullo
335 344 438 377 sum,
462 345 585 383 quam
607 333 697 382 ipsi,
722 331 888 370 doctior.
942 331 1044 369 Inde
1067 331 1223 382 corpori
1246 339 1366 368 omne

128 388 132 391 ’
177 399 340 445 tempus
359 394 493 432 datur.
548 393 726 432 Patriam
747 393 856 432 eluxi
874 395 956 432 iam
976 399 1020 432 et
1038 394 1197 444 gravius
1219 398 1262 431 et
1280 391 1366 430 diu-

177 458 272 502 tius,
287 469 410 507 quam
425 455 506 494 ulla
520 461 653 495 mater
667 458 829 494 unicum
843 455 982 494 filium.
1035 454 1117 494 Sed
1130 468 1239 501 cura,
1253 456 1286 492 si
1299 467 1366 492 me

176 531 302 564 amas,
315 523 362 556 ut
374 518 522 564 valeas,
535 532 588 557 ne
603 531 694 570 ego,
706 524 750 557 te
762 521 937 563 iacente,
949 518 1056 556 bona
1068 523 1140 555 tua
1151 516 1365 555 comedim.

175 579 311 620 Statui
329 582 437 619 enim
456 581 531 619 tibi
550 594 603 620 ne
622 586 789 632 aegroto
807 579 972 632 quidem
989 592 1169 632 parcere.

717 733 818 772 XXI

599 842 742 878 clerano,
766 842 891 868 PAETO
916 840 950 868 s.

590 924 738 958 Romae.
756 934 862 958 A.u.c.
879 925 957 957 708.

139 1017 158 1051 1
229 1008 323 1048 Ain’
348 1010 552 1048 tandem?
592 1011 766 1048 insanire
790 1010 867 1048 tibi
891 1009 1051 1055 videris,
1076 1007 1186 1060 quod
1208 1009 1367 1047 imitere

178 1074 393 1111 verborum
426 1085 624 1118 meorum,
657 1077 705 1110 ut
738 1073 888 1117 scribis,
921 1070 1122 1109 fulmina?
1174 1070 1278 1109 Tum
1309 1071 1369 1108 in-

179 1137 346 1180 sanires,
364 1137 397 1172 si
415 1136 606 1185 consequi
624 1148 705 1172 non
721 1146 860 1185 posses
878 1145 888 1179 ;
920 1146 1012 1171 cum
1030 1146 1125 1172 vero
1144 1135 1268 1171 etiam
1284 1134 1369 1170 vin-

179 1210 260 1243 cas,
277 1210 344 1234 me
361 1199 472 1247 prius
488 1197 668 1242 irrideas,
686 1209 808 1247 quam
826 1201 884 1242 te,
901 1201 1076 1247 oportet.
1120 1194 1256 1243 Quare
1272 1193 1370 1233 nihil
1424 1241 1426 1243 Ι

180 1260 256 1297 tibi
283 1272 383 1310 opus
413 1264 475 1297 est
503 1258 601 1297 illud
629 1272 653 1297 a
679 1259 850 1304 Trabea,
878 1258 951 1296 sed
985 1259 1121 1309 potius
1154 1256 1370 1308 ἀπότευγμα

180 1334 332 1359 meum.
385 1321 679 1359 Verumtamen
708 1320 805 1372 quid
832 1321 906 1359 tibi
937 1333 1013 1371 ego
1040 1321 1083 1358 in
1111 1318 1289 1371 epistolis
1315 1320 1371 1357 vi-

181 1384 303 1422 deor?
333 1397 468 1422 nonne
479 1383 640 1434 plebeio
652 1397 838 1422 sermone
851 1382 1140 1434 ageretecum?
1165 1381 1252 1419 Nec
1264 1383 1372 1419 enim

182 1459 344 1497 semper
369 1446 515 1484 eodem
538 1446 672 1485 modo.
723 1445 832 1493 Quid
857 1447 965 1483 enim
988 1443 1116 1483 simile
1140 1443 1267 1482 habet
1290 1445 1373 1494 epi-

186 1508 290 1546 stola
309 1514 381 1546 aut
398 1508 544 1546 iudicio
565 1514 636 1547 aut
654 1509 832 1547 contioni
849 1508 864 1545 ?
899 1507 1007 1555 Quin
1024 1509 1112 1558 ipsa
1128 1506 1276 1544 iudicia
1292 1519 1373 1544 non

186 1570 360 1608 solemus
381 1572 517 1608 omnia
536 1576 713 1609 tractare
734 1584 814 1608 uno
833 1569 966 1608 modo.
1021 1568 1202 1606 Privatas
1221 1580 1374 1613 causas,

188 1638 232 1671 et
263 1645 331 1670 eas
361 1638 521 1679 tenues,
553 1635 708 1684 agimus
739 1632 938 1677 subtilius,
967 1633 1110 1682 capitis
1141 1635 1213 1669 aut
1241 1629 1375 1668 famae

235 1749 252 1766 ⁰
273 1744 404 1778 Paetus
415 1743 487 1778 had
498 1743 678 1787 evidently
689 1745 828 1777 written
839 1743 1042 1786 something
1058 1743 1096 1775 in
1106 1741 1222 1775 which
1234 1741 1279 1775 he
1287 1741 1375 1775 used

194 1788 313 1821 rather
337 1787 409 1821 fine
434 1788 626 1830 language,
653 1787 725 1820 and
750 1787 836 1820 then
861 1786 939 1820 said
965 1785 1011 1819 he
1038 1789 1136 1818 must
1159 1785 1205 1819 be
1230 1784 1314 1818 mad
1338 1787 1376 1818 to

194 1832 331 1864 imitate
353 1830 507 1864 Cicero's
535 1831 699 1869 rhetoric,
725 1831 878 1873 quoting
906 1832 945 1862 at
965 1829 1027 1862 the
1049 1839 1149 1862 same
1175 1829 1262 1861 time
1281 1838 1379 1861 some

195 1884 348 1916 passage
365 1874 647 1917 condemnatory
665 1873 706 1907 of
723 1873 891 1906 bombast
911 1872 1004 1906 from
1021 1872 1173 1910 Trabea,
1190 1871 1246 1905 for
1261 1871 1378 1905 whom
1434 1916 1436 1918 Ι

197 1926 256 1950 see
271 1917 307 1950 ii.
323 1919 356 1950 9.
372 1919 406 1950 2.

211 1967 288 2007 260
