1448 2236
688 62 890 102 CICERO

190 166 319 214 peius,
355 163 363 177 ‘
383 164 520 203 Omnes
552 170 716 217 oportere
749 165 894 204 senatui
925 165 1021 205 dicto
1054 165 1243 205 audientes
1274 165 1380 206 esse!

191 217 280 268 Ego
314 223 454 256 tamen
487 221 543 257 sic
575 218 674 256 nihil
707 225 914 270 exspecto,
947 220 1150 271 quomodo
1182 219 1380 266 Paullum,

190 270 396 309 consulem
415 272 687 323 designatum,
704 275 880 323 primum
897 276 1145 312 sententiam
1161 273 1380 313 dicentem.

150 330 172 362 5
190 324 358 375 Saepius
385 331 428 363 te
453 326 653 364 admoneo
678 326 731 365 de
756 326 988 378 syngrapha
1011 326 1199 366 Sittiana.
1252 326 1379 378 Cupio

192 381 300 416 enim
321 384 364 417 te
379 379 632 430 intellegere,
654 392 745 418 eam
764 393 851 418 rem
871 380 924 419 ad
943 393 1011 419 me
1024 379 1142 419 valde
1161 382 1379 432 pertinere.

191 432 300 470 Item
324 432 377 470 de
400 433 623 483 pantheris,
648 439 695 471 ut
719 433 931 485 Cibyratas
955 447 1146 479 arcessas,
1170 446 1379 485 curesque,
1430 439 1431 442 ’

191 491 239 523 ut
288 486 385 524 mihi
435 486 647 525 vehantur.
702 487 920 526 Praeterea
969 490 1202 526 nuntiatum
1250 488 1379 533 nobis,

191 544 235 577 et
272 552 345 589 pro
385 545 496 578 certo
535 543 616 578 iam
654 540 842 586 habetur,
880 554 1022 592 regem
1060 540 1378 579 Alexandrinum

190 598 409 631 mortuum.
463 593 572 641 Quid
610 594 707 632 mihi
746 595 931 640 suadeas,
970 594 1171 645 quomodo
1207 607 1378 646 regnum

189 645 288 685 illud
314 660 358 685 se
386 647 551 693 habeat,
579 650 667 698 quis
694 654 896 698 procuret,
923 648 1140 700 diligenter
1165 647 1264 686 mihi
1289 661 1379 699 per-
1431 666 1434 670 ·

189 701 352 739 scribas.
408 700 601 739 Kalendis
621 700 762 740 Sextil.

766 840 805 880 V

569 961 728 987 CAELIUS
756 961 938 987 cxcnnom
964 960 998 989 8.

603 1043 750 1082 Romae,
767 1054 874 1077 A.u.c.
891 1046 969 1077 703.

150 1133 170 1165 1
240 1128 332 1175 Qua
357 1133 404 1167 tu
431 1141 526 1166 cura
552 1130 618 1174 sis,
646 1128 754 1179 quod
779 1128 832 1167 ad
858 1141 1002 1178 pacem
1027 1130 1254 1179 provinciae
1278 1133 1376 1166 tuae

189 1181 532 1232 finitimarumque
557 1184 768 1233 regionum
795 1184 959 1227 attinet,
986 1184 1147 1227 neseio;
1189 1195 1265 1233 ego
1291 1184 1375 1232 qui-

187 1235 283 1274 dem
314 1235 579 1274 vehementer
608 1237 731 1273 animi
761 1235 935 1286 pendeo.
989 1235 1094 1273 Nam
1123 1237 1158 1273 si
1186 1235 1263 1273 hoc
1292 1248 1375 1273 mo—

187 1289 318 1327 derari
348 1302 570 1339 possemus,
600 1294 647 1327 ut
678 1302 751 1339 pro
787 1289 936 1327 viribus
972 1291 1176 1339 copiarum
1213 1294 1374 1327 tuarum

187 1341 282 1380 belli
329 1355 492 1393 quoque
539 1345 754 1380 exsisteret
795 1341 1046 1393 magnitudo,
1089 1347 1132 1380 et
1177 1347 1375 1393 quantum

186 1395 340 1434 loreael
358 1396 644 1447 triumphoque
669 1409 768 1446 opus
796 1401 916 1441 esset,
935 1408 1253 1446 assequeremur,
1271 1397 1375 1446 peri-

186 1449 447 1500 culosamque
477 1455 519 1488 et
547 1462 713 1500 gravem
741 1449 849 1486 illam
878 1449 1177 1487 dimicationem
1206 1451 1376 1487 evitare-

185 1516 289 1547 mus,
317 1503 417 1540 nihil
441 1509 527 1541 tam
557 1508 664 1541 esset
692 1502 928 1553 optandum.
995 1502 1112 1541 Nunc
1136 1505 1169 1541 si
1201 1501 1374 1540 Parthus

235 1591 248 1611 ¹
271 1591 388 1626 loreae
412 1591 450 1633 (a
475 1603 628 1624 common
656 1591 756 1633 form
781 1591 824 1634 of
853 1590 1007 1634 laureae)
1036 1592 1070 1625 ie
1098 1591 1373 1625 Mendelsaeohn’e
1427 1579 1430 1602 3

189 1635 354 1668 eaecellent
368 1635 595 1668 substitution
602 1635 668 1677 for
682 1635 816 1677 gloriae
830 1635 928 1668 codd.

233 1727 248 1742 ⁰
272 1721 314 1754 L.
330 1721 503 1755 Aemilius
519 1721 674 1759 Paullus,
690 1721 813 1754 consul
828 1722 864 1754 in
880 1723 935 1759 50,
950 1732 973 1754 a
985 1732 1068 1754 man
1080 1721 1120 1755 of
1128 1720 1216 1754 little
1229 1721 1371 1763 weight,
1443 1762 1445 1765 ,

188 1765 307 1798 whose
338 1764 532 1808 allegiance
564 1774 636 1797 was
668 1764 807 1806 bought
839 1764 888 1806 by
921 1763 1062 1797 Caesar.
1122 1764 1198 1797 The
1229 1764 1370 1797 consuls

188 1808 276 1841 elect
304 1819 394 1842 were
420 1808 553 1844 alwavs
580 1807 640 1840 the
667 1806 743 1840 first
769 1810 807 1840 to
834 1807 881 1840 be
906 1806 1019 1840 asked
1045 1809 1084 1840 to
1111 1816 1252 1850 express
1278 1807 1370 1840 their
1424 1830 1434 1850 ,ψ

189 1851 361 1884 sententia
378 1852 414 1884 in
430 1851 491 1884 the
507 1842 648 1884 Senate.
1432 1859 1443 1870 ·¹

235 1894 248 1915 ¹³
273 1893 340 1927 See
354 1893 424 1936 Ep.
441 1896 474 1927 2.
491 1895 525 1932 2,
543 1896 625 1926 note
640 1903 669 1926 σ.

236 1940 249 1957 ⁰
271 1936 399 1970 Which
417 1936 533 1970 Rufus
549 1935 712 1978 required
726 1935 782 1969 for
798 1935 852 1969 his
868 1936 1066 1969 venationes
1081 1945 1122 1968 as
1136 1934 1260 1970 aedile.

195 1987 271 2027 116
