<?xml version="1.0" encoding="UTF-8"?>
<!DOCTYPE html PUBLIC "-//W3C//DTD XHTML 1.0 Transitional//EN"
    "http://www.w3.org/TR/xhtml1/DTD/xhtml1-transitional.dtd">
<html xmlns="http://www.w3.org/1999/xhtml" xml:lang="en" lang="en">
 <head>
  <title>
</title>
<meta http-equiv="Content-Type" content="text/html;charset=utf-8" />
  <meta name='ocr-system' content='tesseract 3.04.00' />
  <meta name='ocr-capabilities' content='ocr_page ocr_carea ocr_par ocr_line ocrx_word'/>
</head>
<body>
  <div class='ocr_page' id='page_1' title='image "./letterstohisfrie02ciceuoft_0164.png"; bbox 0 0 1448 2236; ppageno 0'>
   <div class='ocr_carea' id='block_1_1' title="bbox 687 65 889 104">
    <p class='ocr_par' dir='ltr' id='par_1_1' title="bbox 687 65 889 104">
     <span class='ocr_line' id='line_1_1' title="bbox 687 65 889 104; baseline 0 0"><span class='ocrx_word' id='word_1_1' title='bbox 687 65 889 104; x_wconf 86' lang='lat' dir='ltr'>CICERO</span> 
     </span>
    </p>
   </div>
   <div class='ocr_carea' id='block_1_2' title="bbox 151 167 1428 1202">
    <p class='ocr_par' dir='ltr' id='par_1_2' title="bbox 189 167 1428 596">
     <span class='ocr_line' id='line_1_2' title="bbox 189 167 1381 220; baseline 0.001 -14"><span class='ocrx_word' id='word_1_2' title='bbox 189 171 444 219; x_wconf 81' lang='lat' dir='ltr'><strong>spectatione</strong></span> <span class='ocrx_word' id='word_1_3' title='bbox 472 168 707 215; x_wconf 87' lang='lat' dir='ltr'><strong>Galliarum,</strong></span> <span class='ocrx_word' id='word_1_4' title='bbox 735 174 872 208; x_wconf 89' lang='lat' dir='ltr'><strong>actum</strong></span> <span class='ocrx_word' id='word_1_5' title='bbox 898 168 998 207; x_wconf 90' lang='lat' dir='ltr'><strong>nihil</strong></span> <span class='ocrx_word' id='word_1_6' title='bbox 1024 174 1100 208; x_wconf 87' lang='lat' dir='ltr'><strong>est.</strong></span> <span class='ocrx_word' id='word_1_7' title='bbox 1153 167 1381 220; x_wconf 73' lang='lat' dir='ltr'><strong>Aliquando</strong></span> 
     </span>
     <span class='ocr_line' id='line_1_3' title="bbox 190 242 1426 296; baseline 0.002 -14"><span class='ocrx_word' id='word_1_8' title='bbox 190 248 331 282; x_wconf 90' lang='lat' dir='ltr'><strong>tamen</strong></span> <span class='ocrx_word' id='word_1_9' title='bbox 352 257 475 295; x_wconf 85' lang='lat' dir='ltr'><strong>saepe</strong></span> <span class='ocrx_word' id='word_1_10' title='bbox 496 257 541 282; x_wconf 87' lang='lat' dir='ltr'><strong>re</strong></span> <span class='ocrx_word' id='word_1_11' title='bbox 563 244 690 283; x_wconf 86' lang='lat' dir='ltr'><strong>dilata</strong></span> <span class='ocrx_word' id='word_1_12' title='bbox 712 250 755 282; x_wconf 87' lang='lat' dir='ltr'><strong>et</strong></span> <span class='ocrx_word' id='word_1_13' title='bbox 776 246 954 296; x_wconf 85' lang='lat' dir='ltr'><strong>graviter</strong></span> <span class='ocrx_word' id='word_1_14' title='bbox 973 249 1067 282; x_wconf 84' lang='lat' dir='ltr'><strong>acta</strong></span> <span class='ocrx_word' id='word_1_15' title='bbox 1088 249 1132 283; x_wconf 90' lang='lat' dir='ltr'><strong>et</strong></span> <span class='ocrx_word' id='word_1_16' title='bbox 1146 242 1273 295; x_wconf 55' lang='lat' dir='ltr'><strong>‘plane</strong></span> <span class='ocrx_word' id='word_1_17' title='bbox 1291 256 1382 295; x_wconf 55' lang='lat' dir='ltr'><strong>pel·b</strong></span> <span class='ocrx_word' id='word_1_18' title='bbox 1422 242 1426 255; x_wconf 74' lang='lat'>³</span> 
     </span>
     <span class='ocr_line' id='line_1_4' title="bbox 193 319 1382 370; baseline 0 -13"><span class='ocrx_word' id='word_1_19' title='bbox 193 325 334 370; x_wconf 88' lang='lat' dir='ltr'><strong>specta</strong></span> <span class='ocrx_word' id='word_1_20' title='bbox 354 319 427 358; x_wconf 91' lang='lat' dir='ltr'><strong>Cn.</strong></span> <span class='ocrx_word' id='word_1_21' title='bbox 449 319 618 370; x_wconf 87' lang='lat' dir='ltr'><strong>Pompei</strong></span> <span class='ocrx_word' id='word_1_22' title='bbox 635 319 847 358; x_wconf 91' lang='lat' dir='ltr'><strong>voluntate</strong></span> <span class='ocrx_word' id='word_1_23' title='bbox 863 322 905 357; x_wconf 92' lang='lat' dir='ltr'><strong>in</strong></span> <span class='ocrx_word' id='word_1_24' title='bbox 924 332 1014 358; x_wconf 87' lang='lat' dir='ltr'><strong>eam</strong></span> <span class='ocrx_word' id='word_1_25' title='bbox 1029 324 1205 370; x_wconf 88' lang='lat' dir='ltr'><strong>partem,</strong></span> <span class='ocrx_word' id='word_1_26' title='bbox 1222 324 1270 357; x_wconf 81' lang='lat' dir='ltr'><strong>ut</strong></span> <span class='ocrx_word' id='word_1_27' title='bbox 1287 332 1382 357; x_wconf 89' lang='lat' dir='ltr'><strong>eum</strong></span> 
     </span>
     <span class='ocr_line' id='line_1_5' title="bbox 191 394 1382 446; baseline 0 -13"><span class='ocrx_word' id='word_1_28' title='bbox 191 395 390 433; x_wconf 84' lang='lat' dir='ltr'><strong>decedere</strong></span> <span class='ocrx_word' id='word_1_29' title='bbox 422 400 515 446; x_wconf 89' lang='lat' dir='ltr'><strong>post</strong></span> <span class='ocrx_word' id='word_1_30' title='bbox 550 394 754 434; x_wconf 82' lang='lat' dir='ltr'><strong>Kalendas</strong></span> <span class='ocrx_word' id='word_1_31' title='bbox 790 394 960 433; x_wconf 88' lang='lat' dir='ltr'><strong>Martias</strong></span> <span class='ocrx_word' id='word_1_32' title='bbox 991 394 1186 445; x_wconf 79' lang='lat' dir='ltr'><strong>placeret,</strong></span> <span class='ocrx_word' id='word_1_33' title='bbox 1218 399 1382 433; x_wconf 89' lang='lat' dir='ltr'><strong>senatus</strong></span> 
     </span>
     <span class='ocr_line' id='line_1_6' title="bbox 191 468 1428 521; baseline -0.001 -13"><span class='ocrx_word' id='word_1_34' title='bbox 191 470 434 516; x_wconf 85' lang='lat' dir='ltr'><strong>consultum,</strong></span> <span class='ocrx_word' id='word_1_35' title='bbox 451 470 560 521; x_wconf 93' lang='lat' dir='ltr'><strong>quod</strong></span> <span class='ocrx_word' id='word_1_36' title='bbox 575 471 651 508; x_wconf 88' lang='lat' dir='ltr'><strong>tibi</strong></span> <span class='ocrx_word' id='word_1_37' title='bbox 666 473 770 516; x_wconf 90' lang='lat' dir='ltr'><strong>misi,</strong></span> <span class='ocrx_word' id='word_1_38' title='bbox 786 468 941 508; x_wconf 88' lang='lat' dir='ltr'><strong>factum</strong></span> <span class='ocrx_word' id='word_1_39' title='bbox 958 474 1022 509; x_wconf 83' lang='lat' dir='ltr'><strong>est</strong></span> <span class='ocrx_word' id='word_1_40' title='bbox 1036 471 1383 521; x_wconf 78' lang='lat' dir='ltr'><strong>auctoritatesque</strong></span> <span class='ocrx_word' id='word_1_41' title='bbox 1424 494 1428 496; x_wconf 93' lang='lat'><em>-</em></span> 
     </span>
     <span class='ocr_line' id='line_1_7' title="bbox 190 548 1304 596; baseline 0.003 -13"><span class='ocrx_word' id='word_1_42' title='bbox 190 548 452 596; x_wconf 87' lang='lat' dir='ltr'><strong>perscriptae.</strong></span> <span class='ocrx_word' id='word_1_43' title='bbox 1301 585 1304 586; x_wconf 13' lang='grc' dir='ltr'><em>γ</em></span> 
     </span>
    </p>

    <p class='ocr_par' dir='ltr' id='par_1_3' title="bbox 151 619 1388 1202">
     <span class='ocr_line' id='line_1_8' title="bbox 151 619 1385 673; baseline 0 -14"><span class='ocrx_word' id='word_1_44' title='bbox 151 627 173 659; x_wconf 83' lang='grc'><strong><em>5</em></strong></span> <span class='ocrx_word' id='word_1_45' title='bbox 245 619 286 660; x_wconf 88' lang='lat' dir='ltr'><strong>S.</strong></span> <span class='ocrx_word' id='word_1_46' title='bbox 310 620 352 660; x_wconf 89' lang='lat' dir='ltr'><strong>C.</strong></span> <span class='ocrx_word' id='word_1_47' title='bbox 374 620 630 660; x_wconf 72' lang='lat' dir='ltr'><strong>Auctoritates.</strong></span> <span class='ocrx_word' id='word_1_48' title='bbox 684 621 812 659; x_wconf 83' lang='lat' dir='ltr'><strong>Pridie</strong></span> <span class='ocrx_word' id='word_1_49' title='bbox 840 621 931 660; x_wconf 91' lang='lat' dir='ltr'><strong>Kal.</strong></span> <span class='ocrx_word' id='word_1_50' title='bbox 955 619 1082 660; x_wconf 83' lang='lat' dir='ltr'><strong><em>Octob.</em></strong></span> <span class='ocrx_word' id='word_1_51' title='bbox 1104 619 1144 659; x_wconf 83' lang='lat' dir='ltr'><strong>in</strong></span> <span class='ocrx_word' id='word_1_52' title='bbox 1162 620 1253 660; x_wconf 83' lang='lat' dir='ltr'><strong>aede</strong></span> <span class='ocrx_word' id='word_1_53' title='bbox 1269 619 1385 673; x_wconf 80' lang='lat' dir='ltr'><strong>Apol-</strong></span> 
     </span>
     <span class='ocr_line' id='line_1_9' title="bbox 191 689 1384 749; baseline 0 -15"><span class='ocrx_word' id='word_1_54' title='bbox 191 696 279 735; x_wconf 85' lang='lat' dir='ltr'><strong>linis</strong></span> <span class='ocrx_word' id='word_1_55' title='bbox 302 696 410 736; x_wconf 81' lang='lat' dir='ltr'><strong>scrib.</strong></span> <span class='ocrx_word' id='word_1_56' title='bbox 435 696 639 749; x_wconf 76' lang='lat' dir='ltr'><strong>adfuerunt</strong></span> <span class='ocrx_word' id='word_1_57' title='bbox 661 695 707 735; x_wconf 91' lang='lat' dir='ltr'><strong>L.</strong></span> <span class='ocrx_word' id='word_1_58' title='bbox 731 696 933 742; x_wconf 78' lang='lat' dir='ltr'><strong>Domitius,</strong></span> <span class='ocrx_word' id='word_1_59' title='bbox 961 696 1029 735; x_wconf 82' lang='lat' dir='ltr'><strong>Cu.</strong></span> <span class='ocrx_word' id='word_1_60' title='bbox 1051 696 1098 734; x_wconf 91' lang='lat' dir='ltr'><strong>F.</strong></span> <span class='ocrx_word' id='word_1_61' title='bbox 1121 695 1216 735; x_wconf 86' lang='lat' dir='ltr'><strong><em>Fab.</em></strong></span> <span class='ocrx_word' id='word_1_62' title='bbox 1239 689 1384 735; x_wconf 54' lang='lat' dir='ltr'><strong>Aliena-</strong></span> 
     </span>
     <span class='ocr_line' id='line_1_10' title="bbox 193 770 1383 823; baseline 0 -13"><span class='ocrx_word' id='word_1_63' title='bbox 193 772 328 811; x_wconf 85' lang='lat' dir='ltr'><strong>barbus</strong></span> <span class='ocrx_word' id='word_1_64' title='bbox 339 788 357 816; x_wconf 94' lang='lat'><strong>‚·</strong></span> <span class='ocrx_word' id='word_1_65' title='bbox 391 772 438 816; x_wconf 82' lang='lat' dir='ltr'><strong>Q.</strong></span> <span class='ocrx_word' id='word_1_66' title='bbox 462 772 658 818; x_wconf 76' lang='lat' dir='ltr'><strong>Caecilius,</strong></span> <span class='ocrx_word' id='word_1_67' title='bbox 677 772 724 815; x_wconf 79' lang='lat' dir='ltr'><strong>Q.</strong></span> <span class='ocrx_word' id='word_1_68' title='bbox 743 772 790 811; x_wconf 89' lang='lat' dir='ltr'><strong>F.</strong></span> <span class='ocrx_word' id='word_1_69' title='bbox 812 772 849 809; x_wconf 91' lang='lat' dir='ltr'><strong><em>F</em></strong></span> <span class='ocrx_word' id='word_1_70' title='bbox 847 771 907 810; x_wconf 85' lang='lat' dir='ltr'><strong>ab.</strong></span> <span class='ocrx_word' id='word_1_71' title='bbox 926 771 1104 810; x_wconf 75' lang='lat' dir='ltr'><strong>Metellus</strong></span> <span class='ocrx_word' id='word_1_72' title='bbox 1121 770 1215 810; x_wconf 83' lang='lat' dir='ltr'><strong>Pius</strong></span> <span class='ocrx_word' id='word_1_73' title='bbox 1232 771 1356 823; x_wconf 76' lang='lat' dir='ltr'><strong>Scipio</strong></span> <span class='ocrx_word' id='word_1_74' title='bbox 1365 787 1383 815; x_wconf 89' lang='lat'><em>;</em></span> 
     </span>
     <span class='ocr_line' id='line_1_11' title="bbox 191 846 1384 899; baseline -0.002 -12"><span class='ocrx_word' id='word_1_75' title='bbox 191 847 238 887; x_wconf 89' lang='lat' dir='ltr'><strong>L.</strong></span> <span class='ocrx_word' id='word_1_76' title='bbox 268 848 403 887; x_wconf 77' lang='lat' dir='ltr'><strong>Villius</strong></span> <span class='ocrx_word' id='word_1_77' title='bbox 430 847 476 887; x_wconf 89' lang='lat' dir='ltr'><strong>L.</strong></span> <span class='ocrx_word' id='word_1_78' title='bbox 498 848 545 886; x_wconf 90' lang='lat' dir='ltr'><strong>F.</strong></span> <span class='ocrx_word' id='word_1_79' title='bbox 568 847 713 899; x_wconf 80' lang='lat' dir='ltr'><strong><em>Pompt.</em></strong></span> <span class='ocrx_word' id='word_1_80' title='bbox 737 847 897 886; x_wconf 82' lang='lat' dir='ltr'><strong>Annalis</strong></span> <span class='ocrx_word' id='word_1_81' title='bbox 907 862 926 891; x_wconf 88' lang='lat'><em>;</em></span> <span class='ocrx_word' id='word_1_82' title='bbox 967 846 1009 886; x_wconf 83' lang='lat' dir='ltr'><strong>G.</strong></span> <span class='ocrx_word' id='word_1_83' title='bbox 1031 846 1242 899; x_wconf 77' lang='lat' dir='ltr'><strong>Septimius,</strong></span> <span class='ocrx_word' id='word_1_84' title='bbox 1269 846 1316 886; x_wconf 90' lang='lat' dir='ltr'><strong>T.</strong></span> <span class='ocrx_word' id='word_1_85' title='bbox 1335 846 1384 885; x_wconf 88' lang='lat' dir='ltr'><strong><em>F.</em></strong></span> 
     </span>
     <span class='ocr_line' id='line_1_12' title="bbox 193 921 1384 974; baseline -0.002 -12"><span class='ocrx_word' id='word_1_86' title='bbox 193 923 354 967; x_wconf 81' lang='lat' dir='ltr'><strong>Quirina</strong></span> <span class='ocrx_word' id='word_1_87' title='bbox 370 939 387 967; x_wconf 92' lang='lat'><strong>,·</strong></span> <span class='ocrx_word' id='word_1_88' title='bbox 421 923 463 963; x_wconf 83' lang='lat' dir='ltr'><strong>G.</strong></span> <span class='ocrx_word' id='word_1_89' title='bbox 479 922 646 962; x_wconf 83' lang='lat' dir='ltr'><strong>Lucilius</strong></span> <span class='ocrx_word' id='word_1_90' title='bbox 664 923 706 962; x_wconf 88' lang='lat' dir='ltr'><strong>C.</strong></span> <span class='ocrx_word' id='word_1_91' title='bbox 721 923 768 961; x_wconf 90' lang='lat' dir='ltr'><strong><em>F.</em></strong></span> <span class='ocrx_word' id='word_1_92' title='bbox 784 922 880 974; x_wconf 84' lang='lat' dir='ltr'><strong><em>Pup.</em></strong></span> <span class='ocrx_word' id='word_1_93' title='bbox 896 922 1038 962; x_wconf 84' lang='lat' dir='ltr'><strong>Hirrus</strong></span> <span class='ocrx_word' id='word_1_94' title='bbox 1052 938 1071 966; x_wconf 91' lang='lat'><em>;</em></span> <span class='ocrx_word' id='word_1_95' title='bbox 1104 921 1146 961; x_wconf 90' lang='lat' dir='ltr'><strong>C.</strong></span> <span class='ocrx_word' id='word_1_96' title='bbox 1160 921 1384 968; x_wconf 75' lang='lat' dir='ltr'><strong>Scribonius,</strong></span> 
     </span>
     <span class='ocr_line' id='line_1_13' title="bbox 196 996 1383 1050; baseline -0.003 -12"><span class='ocrx_word' id='word_1_97' title='bbox 196 998 239 1038; x_wconf 86' lang='lat' dir='ltr'><strong>C.</strong></span> <span class='ocrx_word' id='word_1_98' title='bbox 263 998 309 1037; x_wconf 90' lang='lat' dir='ltr'><strong><em>F.</em></strong></span> <span class='ocrx_word' id='word_1_99' title='bbox 334 998 428 1050; x_wconf 85' lang='lat' dir='ltr'><strong><em>Pop.</em></strong></span> <span class='ocrx_word' id='word_1_100' title='bbox 458 998 599 1043; x_wconf 88' lang='lat' dir='ltr'><strong>Curio;</strong></span> <span class='ocrx_word' id='word_1_101' title='bbox 636 997 682 1037; x_wconf 94' lang='lat' dir='ltr'><strong><em>L.</em></strong></span> <span class='ocrx_word' id='word_1_102' title='bbox 708 997 837 1036; x_wconf 79' lang='lat' dir='ltr'><strong>Ateius</strong></span> <span class='ocrx_word' id='word_1_103' title='bbox 863 996 910 1036; x_wconf 89' lang='lat' dir='ltr'><strong><em>L.</em></strong></span> <span class='ocrx_word' id='word_1_104' title='bbox 937 997 985 1036; x_wconf 89' lang='lat' dir='ltr'><strong><em>F.</em></strong></span> <span class='ocrx_word' id='word_1_105' title='bbox 1018 997 1091 1037; x_wconf 82' lang='lat' dir='ltr'><strong>An.</strong></span> <span class='ocrx_word' id='word_1_106' title='bbox 1124 996 1284 1050; x_wconf 81' lang='lat' dir='ltr'><strong>Capito;</strong></span> <span class='ocrx_word' id='word_1_107' title='bbox 1321 997 1383 1035; x_wconf 92' lang='lat' dir='ltr'><strong><em>M.</em></strong></span> 
     </span>
     <span class='ocr_line' id='line_1_14' title="bbox 192 1072 1388 1126; baseline -0.002 -13"><span class='ocrx_word' id='word_1_108' title='bbox 192 1074 340 1126; x_wconf 83' lang='lat' dir='ltr'><strong>Eppius</strong></span> <span class='ocrx_word' id='word_1_109' title='bbox 366 1073 429 1113; x_wconf 92' lang='lat' dir='ltr'><strong><em>M.</em></strong></span> <span class='ocrx_word' id='word_1_110' title='bbox 456 1074 503 1113; x_wconf 89' lang='lat' dir='ltr'><strong><em>F.</em></strong></span> <span class='ocrx_word' id='word_1_111' title='bbox 536 1073 746 1112; x_wconf 78' lang='lat' dir='ltr'><strong>Terentina.</strong></span> <span class='ocrx_word' id='word_1_112' title='bbox 800 1073 910 1117; x_wconf 81' lang='lat' dir='ltr'><strong>Quod</strong></span> <span class='ocrx_word' id='word_1_113' title='bbox 936 1073 999 1112; x_wconf 92' lang='lat' dir='ltr'><strong>M.</strong></span> <span class='ocrx_word' id='word_1_114' title='bbox 1027 1072 1235 1111; x_wconf 84' lang='lat' dir='ltr'><strong>Marcellus</strong></span> <span class='ocrx_word' id='word_1_115' title='bbox 1260 1072 1388 1111; x_wconf 79' lang='lat' dir='ltr'><strong>consul</strong></span> 
     </span>
     <span class='ocr_line' id='line_1_15' title="bbox 193 1146 1384 1202; baseline -0.002 -14"><span class='ocrx_word' id='word_1_116' title='bbox 193 1162 231 1189; x_wconf 87' lang='lat' dir='ltr'><strong>v.</strong></span> <span class='ocrx_word' id='word_1_117' title='bbox 236 1149 276 1202; x_wconf 83' lang='lat' dir='ltr'><em>f</em></span> <span class='ocrx_word' id='word_1_118' title='bbox 291 1146 338 1187; x_wconf 85' lang='lat' dir='ltr'><strong>de</strong></span> <span class='ocrx_word' id='word_1_119' title='bbox 345 1149 549 1201; x_wconf 83' lang='lat' dir='ltr'><strong>provinciis</strong></span> <span class='ocrx_word' id='word_1_120' title='bbox 562 1148 829 1194; x_wconf 81' lang='lat' dir='ltr'><strong>consularibus,</strong></span> <span class='ocrx_word' id='word_1_121' title='bbox 849 1148 886 1187; x_wconf 89' lang='lat' dir='ltr'><strong>d.</strong></span> <span class='ocrx_word' id='word_1_122' title='bbox 899 1161 930 1186; x_wconf 88' lang='lat' dir='ltr'><strong>e.</strong></span> <span class='ocrx_word' id='word_1_123' title='bbox 942 1162 975 1187; x_wconf 86' lang='lat' dir='ltr'><strong>r.</strong></span> <span class='ocrx_word' id='word_1_124' title='bbox 987 1148 1013 1187; x_wconf 86' lang='lat' dir='ltr'><strong>i.</strong></span> <span class='ocrx_word' id='word_1_125' title='bbox 1026 1162 1058 1186; x_wconf 88' lang='lat' dir='ltr'><strong>c.</strong></span> <span class='ocrx_word' id='word_1_126' title='bbox 1078 1147 1133 1186; x_wconf 78' lang='lat' dir='ltr'><strong>uti</strong></span> <span class='ocrx_word' id='word_1_127' title='bbox 1148 1146 1196 1186; x_wconf 94' lang='lat' dir='ltr'><strong>L.</strong></span> <span class='ocrx_word' id='word_1_128' title='bbox 1215 1146 1384 1193; x_wconf 80' lang='lat' dir='ltr'><strong>Paullus,</strong></span> 
     </span>
    </p>
   </div>
   <div class='ocr_carea' id='block_1_3' title="bbox 193 1221 1428 1426">
    <p class='ocr_par' dir='ltr' id='par_1_4' title="bbox 193 1221 1428 1426">
     <span class='ocr_line' id='line_1_16' title="bbox 199 1221 1428 1275; baseline -0.002 -12"><span class='ocrx_word' id='word_1_129' title='bbox 199 1224 240 1264; x_wconf 93' lang='lat' dir='ltr'><strong>C.</strong></span> <span class='ocrx_word' id='word_1_130' title='bbox 256 1224 465 1263; x_wconf 83' lang='lat' dir='ltr'><strong>Marcellus</strong></span> <span class='ocrx_word' id='word_1_131' title='bbox 484 1224 664 1269; x_wconf 82' lang='lat' dir='ltr'><strong>consules,</strong></span> <span class='ocrx_word' id='word_1_132' title='bbox 683 1237 764 1262; x_wconf 84' lang='lat' dir='ltr'><strong>cum</strong></span> <span class='ocrx_word' id='word_1_133' title='bbox 784 1223 1040 1275; x_wconf 75' lang='lat' dir='ltr'><strong>magistratum</strong></span> <span class='ocrx_word' id='word_1_134' title='bbox 1057 1221 1223 1268; x_wconf 49' lang='lat' dir='ltr'><strong>finissent,</strong></span> <span class='ocrx_word' id='word_1_135' title='bbox 1237 1235 1283 1261; x_wconf 72' lang='lat' dir='ltr'><strong>ex</strong></span> <span class='ocrx_word' id='word_1_136' title='bbox 1296 1236 1333 1262; x_wconf 90' lang='lat' dir='ltr'><strong>a.</strong></span> <span class='ocrx_word' id='word_1_137' title='bbox 1345 1222 1384 1261; x_wconf 84' lang='lat' dir='ltr'><strong>d.</strong></span> <span class='ocrx_word' id='word_1_138' title='bbox 1426 1252 1428 1254; x_wconf 87' lang='lat'>-</span> 
     </span>
     <span class='ocr_line' id='line_1_17' title="bbox 195 1296 1385 1353; baseline -0.002 -15"><span class='ocrx_word' id='word_1_139' title='bbox 195 1299 249 1339; x_wconf 89' lang='grc' dir='ltr'><strong>Χ.</strong></span> <span class='ocrx_word' id='word_1_140' title='bbox 275 1299 366 1338; x_wconf 89' lang='lat' dir='ltr'><strong>Kal.</strong></span> <span class='ocrx_word' id='word_1_141' title='bbox 393 1300 530 1346; x_wconf 68' lang='lat' dir='ltr'><strong>Mart„</strong></span> <span class='ocrx_word' id='word_1_142' title='bbox 555 1313 652 1351; x_wconf 84' lang='lat' dir='ltr'><strong>quae</strong></span> <span class='ocrx_word' id='word_1_143' title='bbox 675 1299 715 1337; x_wconf 85' lang='lat' dir='ltr'><strong>in</strong></span> <span class='ocrx_word' id='word_1_144' title='bbox 739 1311 806 1337; x_wconf 79' lang='lat' dir='ltr'><strong>suo</strong></span> <span class='ocrx_word' id='word_1_145' title='bbox 831 1298 1051 1353; x_wconf 80' lang='lat' dir='ltr'><strong>magistratu</strong></span> <span class='ocrx_word' id='word_1_146' title='bbox 1064 1296 1228 1350; x_wconf 82' lang='lat' dir='ltr'><strong>saturae</strong></span> <span class='ocrx_word' id='word_1_147' title='bbox 1254 1302 1385 1345; x_wconf 82' lang='lat' dir='ltr'><strong>essent,</strong></span> 
     </span>
     <span class='ocr_line' id='line_1_18' title="bbox 193 1370 1387 1426; baseline -0.003 -12"><span class='ocrx_word' id='word_1_148' title='bbox 193 1375 240 1414; x_wconf 84' lang='lat' dir='ltr'><strong>de</strong></span> <span class='ocrx_word' id='word_1_149' title='bbox 254 1374 508 1414; x_wconf 86' lang='lat' dir='ltr'><strong>consularibus</strong></span> <span class='ocrx_word' id='word_1_150' title='bbox 518 1373 722 1426; x_wconf 83' lang='lat' dir='ltr'><strong>provinciis</strong></span> <span class='ocrx_word' id='word_1_151' title='bbox 740 1373 790 1411; x_wconf 87' lang='lat' dir='ltr'><strong>ad</strong></span> <span class='ocrx_word' id='word_1_152' title='bbox 805 1378 970 1412; x_wconf 80' lang='lat' dir='ltr'><strong>senatum</strong></span> <span class='ocrx_word' id='word_1_153' title='bbox 984 1370 1180 1425; x_wconf 73' lang='lat' dir='ltr'><strong>referrem,</strong></span> <span class='ocrx_word' id='word_1_154' title='bbox 1195 1386 1284 1411; x_wconf 80' lang='lat' dir='ltr'><strong>neve</strong></span> <span class='ocrx_word' id='word_1_155' title='bbox 1296 1372 1387 1424; x_wconf 76' lang='lat' dir='ltr'><strong>quid</strong></span> 
     </span>
    </p>
   </div>
   <div class='ocr_carea' id='block_1_4' title="bbox 198 1510 1385 1907">
    <p class='ocr_par' dir='ltr' id='par_1_5' title="bbox 198 1510 1384 1598">
     <span class='ocr_line' id='line_1_19' title="bbox 245 1510 1384 1553; baseline -0.002 -7"><span class='ocrx_word' id='word_1_156' title='bbox 245 1518 260 1533; x_wconf 85' lang='lat'><strong>&#39;¹</strong></span> <span class='ocrx_word' id='word_1_157' title='bbox 284 1514 317 1546; x_wconf 90' lang='lat' dir='ltr'>A</span> <span class='ocrx_word' id='word_1_158' title='bbox 328 1517 469 1546; x_wconf 79' lang='lat' dir='ltr'><strong>senatus</strong></span> <span class='ocrx_word' id='word_1_159' title='bbox 484 1512 676 1545; x_wconf 77' lang='lat' dir='ltr'><strong>auctoritas</strong></span> <span class='ocrx_word' id='word_1_160' title='bbox 693 1522 764 1545; x_wconf 90' lang='lat' dir='ltr'><strong>was</strong></span> <span class='ocrx_word' id='word_1_161' title='bbox 778 1522 800 1544; x_wconf 91' lang='lat' dir='ltr'><strong>a</strong></span> <span class='ocrx_word' id='word_1_162' title='bbox 816 1512 950 1544; x_wconf 82' lang='lat' dir='ltr'><strong>motion</strong></span> <span class='ocrx_word' id='word_1_163' title='bbox 961 1510 1096 1544; x_wconf 83' lang='lat' dir='ltr'><strong>carried</strong></span> <span class='ocrx_word' id='word_1_164' title='bbox 1111 1510 1161 1553; x_wconf 90' lang='lat' dir='ltr'><strong>by</strong></span> <span class='ocrx_word' id='word_1_165' title='bbox 1172 1510 1232 1544; x_wconf 82' lang='lat' dir='ltr'><strong>the</strong></span> <span class='ocrx_word' id='word_1_166' title='bbox 1243 1510 1384 1550; x_wconf 84' lang='lat' dir='ltr'><strong>Senate,</strong></span> 
     </span>
     <span class='ocr_line' id='line_1_20' title="bbox 198 1555 898 1598; baseline -0.004 -8"><span class='ocrx_word' id='word_1_167' title='bbox 198 1557 264 1590; x_wconf 85' lang='lat' dir='ltr'><strong>but</strong></span> <span class='ocrx_word' id='word_1_168' title='bbox 278 1556 405 1590; x_wconf 89' lang='lat' dir='ltr'><strong>vetoed</strong></span> <span class='ocrx_word' id='word_1_169' title='bbox 421 1556 471 1598; x_wconf 91' lang='lat' dir='ltr'><strong>by</strong></span> <span class='ocrx_word' id='word_1_170' title='bbox 486 1567 507 1588; x_wconf 90' lang='lat' dir='ltr'><strong>a</strong></span> <span class='ocrx_word' id='word_1_171' title='bbox 524 1556 666 1589; x_wconf 87' lang='lat' dir='ltr'><strong>tribune</strong></span> <span class='ocrx_word' id='word_1_172' title='bbox 681 1555 742 1597; x_wconf 87' lang='lat' dir='ltr'><strong><em>(cf.</em></strong></span> <span class='ocrx_word' id='word_1_173' title='bbox 760 1556 782 1588; x_wconf 82' lang='lat' dir='ltr'><strong>i.</strong></span> <span class='ocrx_word' id='word_1_174' title='bbox 799 1557 832 1587; x_wconf 72' lang='lat'><strong>2.</strong></span> <span class='ocrx_word' id='word_1_175' title='bbox 849 1555 898 1595; x_wconf 83' lang='lat'><strong>4).</strong></span> 
     </span>
    </p>

    <p class='ocr_par' dir='ltr' id='par_1_6' title="bbox 200 1596 1383 1676">
     <span class='ocr_line' id='line_1_21' title="bbox 245 1596 1383 1632; baseline -0.002 0"><span class='ocrx_word' id='word_1_176' title='bbox 245 1600 258 1621; x_wconf 59' lang='grc' dir='ltr'>δ</span> <span class='ocrx_word' id='word_1_177' title='bbox 284 1600 299 1632; x_wconf 89' lang='lat'>1</span> <span class='ocrx_word' id='word_1_178' title='bbox 324 1610 383 1632; x_wconf 88' lang='lat' dir='ltr'><strong>am</strong></span> <span class='ocrx_word' id='word_1_179' title='bbox 407 1598 575 1632; x_wconf 84' lang='lat' dir='ltr'><strong>indebted</strong></span> <span class='ocrx_word' id='word_1_180' title='bbox 603 1598 659 1631; x_wconf 87' lang='lat' dir='ltr'><strong>for</strong></span> <span class='ocrx_word' id='word_1_181' title='bbox 685 1598 755 1631; x_wconf 85' lang='lat' dir='ltr'><strong>this</strong></span> <span class='ocrx_word' id='word_1_182' title='bbox 783 1597 877 1631; x_wconf 90' lang='lat' dir='ltr'><strong>lucid</strong></span> <span class='ocrx_word' id='word_1_183' title='bbox 907 1596 1111 1630; x_wconf 86' lang='lat' dir='ltr'><strong>tabulation</strong></span> <span class='ocrx_word' id='word_1_184' title='bbox 1140 1599 1178 1630; x_wconf 87' lang='lat' dir='ltr'><strong>to</strong></span> <span class='ocrx_word' id='word_1_185' title='bbox 1206 1596 1267 1630; x_wconf 86' lang='lat' dir='ltr'><strong>the</strong></span> <span class='ocrx_word' id='word_1_186' title='bbox 1296 1596 1383 1630; x_wconf 84' lang='lat' dir='ltr'><strong>Rev.</strong></span> 
     </span>
     <span class='ocr_line' id='line_1_22' title="bbox 200 1642 443 1676; baseline -0.004 0"><span class='ocrx_word' id='word_1_187' title='bbox 200 1642 245 1676; x_wconf 93' lang='lat' dir='ltr'><strong>G.</strong></span> <span class='ocrx_word' id='word_1_188' title='bbox 262 1642 304 1675; x_wconf 89' lang='lat' dir='ltr'><strong>E.</strong></span> <span class='ocrx_word' id='word_1_189' title='bbox 320 1643 343 1676; x_wconf 87' lang='lat' dir='ltr'><em>J</em></span> <span class='ocrx_word' id='word_1_190' title='bbox 346 1653 443 1676; x_wconf 85' lang='lat' dir='ltr'><strong>eans.</strong></span> 
     </span>
    </p>

    <p class='ocr_par' dir='ltr' id='par_1_7' title="bbox 248 1689 617 1731">
     <span class='ocr_line' id='line_1_23' title="bbox 248 1689 617 1731; baseline -0.014 -5"><span class='ocrx_word' id='word_1_191' title='bbox 248 1698 260 1713; x_wconf 79' lang='lat'>⁶</span> <span class='ocrx_word' id='word_1_192' title='bbox 283 1703 317 1725; x_wconf 89' lang='lat' dir='ltr'><strong>v.</strong></span> <span class='ocrx_word' id='word_1_193' title='bbox 333 1690 509 1725; x_wconf 80' lang='lat' dir='ltr'><strong>f.=verba</strong></span> <span class='ocrx_word' id='word_1_194' title='bbox 518 1689 617 1731; x_wconf 77' lang='lat' dir='ltr'><strong>fecit.</strong></span> 
     </span>
    </p>

    <p class='ocr_par' dir='ltr' id='par_1_8' title="bbox 245 1732 1000 1768">
     <span class='ocr_line' id='line_1_24' title="bbox 245 1732 1000 1768; baseline -0.005 0"><span class='ocrx_word' id='word_1_195' title='bbox 245 1736 262 1756; x_wconf 82' lang='lat'><strong>¹¹</strong></span> <span class='ocrx_word' id='word_1_196' title='bbox 284 1735 319 1768; x_wconf 92' lang='lat' dir='ltr'><strong>d.</strong></span> <span class='ocrx_word' id='word_1_197' title='bbox 337 1746 368 1768; x_wconf 89' lang='lat' dir='ltr'><strong>e.</strong></span> <span class='ocrx_word' id='word_1_198' title='bbox 385 1745 413 1767; x_wconf 87' lang='lat' dir='ltr'><strong>r.</strong></span> <span class='ocrx_word' id='word_1_199' title='bbox 431 1735 454 1767; x_wconf 84' lang='lat' dir='ltr'><strong>i.</strong></span> <span class='ocrx_word' id='word_1_200' title='bbox 470 1744 501 1766; x_wconf 90' lang='lat' dir='ltr'><strong>c.</strong></span> <span class='ocrx_word' id='word_1_201' title='bbox 512 1733 591 1766; x_wconf 81' lang='lat' dir='ltr'><strong>:de</strong></span> <span class='ocrx_word' id='word_1_202' title='bbox 606 1743 646 1765; x_wconf 84' lang='lat' dir='ltr'><strong>ea</strong></span> <span class='ocrx_word' id='word_1_203' title='bbox 662 1743 699 1765; x_wconf 78' lang='lat' dir='ltr'><strong>re</strong></span> <span class='ocrx_word' id='word_1_204' title='bbox 715 1732 768 1765; x_wconf 76' lang='lat' dir='ltr'><strong>ita</strong></span> <span class='ocrx_word' id='word_1_205' title='bbox 782 1734 1000 1765; x_wconf 70' lang='lat' dir='ltr'><strong>consuerunt.</strong></span> 
     </span>
    </p>

    <p class='ocr_par' dir='ltr' id='par_1_9' title="bbox 200 1773 1448 1907">
     <span class='ocr_line' id='line_1_25' title="bbox 247 1773 1385 1818; baseline -0.004 -6"><span class='ocrx_word' id='word_1_206' title='bbox 247 1784 260 1799; x_wconf 83' lang='lat'>⁸</span> <span class='ocrx_word' id='word_1_207' title='bbox 285 1778 472 1811; x_wconf 87' lang='lat' dir='ltr'><strong>Provinces</strong></span> <span class='ocrx_word' id='word_1_208' title='bbox 502 1777 684 1818; x_wconf 85' lang='lat' dir='ltr'><strong>requiring</strong></span> <span class='ocrx_word' id='word_1_209' title='bbox 711 1785 758 1807; x_wconf 92' lang='lat' dir='ltr'><strong>an</strong></span> <span class='ocrx_word' id='word_1_210' title='bbox 786 1785 890 1816; x_wconf 87' lang='lat' dir='ltr'><strong>army</strong></span> <span class='ocrx_word' id='word_1_211' title='bbox 918 1785 1009 1807; x_wconf 85' lang='lat' dir='ltr'><strong>were</strong></span> <span class='ocrx_word' id='word_1_212' title='bbox 1036 1773 1178 1816; x_wconf 82' lang='lat' dir='ltr'><strong>usually</strong></span> <span class='ocrx_word' id='word_1_213' title='bbox 1204 1774 1385 1808; x_wconf 83' lang='lat' dir='ltr'><strong>entrusted</strong></span> 
     </span>
     <span class='ocr_line' id='line_1_26' title="bbox 200 1816 1385 1864; baseline -0.003 -9"><span class='ocrx_word' id='word_1_214' title='bbox 200 1826 238 1855; x_wconf 88' lang='lat' dir='ltr'><strong>to</strong></span> <span class='ocrx_word' id='word_1_215' title='bbox 258 1833 280 1854; x_wconf 88' lang='lat' dir='ltr'><strong>a</strong></span> <span class='ocrx_word' id='word_1_216' title='bbox 300 1819 489 1864; x_wconf 87' lang='lat' dir='ltr'><strong>proconsul</strong></span> <span class='ocrx_word' id='word_1_217' title='bbox 509 1818 581 1852; x_wconf 88' lang='lat' dir='ltr'><strong>and</strong></span> <span class='ocrx_word' id='word_1_218' title='bbox 601 1818 713 1851; x_wconf 84' lang='lat' dir='ltr'><strong>called</strong></span> <span class='ocrx_word' id='word_1_219' title='bbox 734 1818 945 1856; x_wconf 74' lang='lat' dir='ltr'><strong>consulares,</strong></span> <span class='ocrx_word' id='word_1_220' title='bbox 965 1816 1126 1859; x_wconf 77' lang='lat' dir='ltr'><strong>peaceful</strong></span> <span class='ocrx_word' id='word_1_221' title='bbox 1145 1818 1328 1859; x_wconf 88' lang='lat' dir='ltr'><strong>provinces</strong></span> <span class='ocrx_word' id='word_1_222' title='bbox 1346 1821 1385 1851; x_wconf 88' lang='lat' dir='ltr'><strong>to</strong></span> 
     </span>
     <span class='ocr_line' id='line_1_27' title="bbox 200 1861 896 1907; baseline -0.009 -9"><span class='ocrx_word' id='word_1_223' title='bbox 200 1876 222 1898; x_wconf 90' lang='lat' dir='ltr'><strong>a</strong></span> <span class='ocrx_word' id='word_1_224' title='bbox 238 1867 457 1907; x_wconf 82' lang='lat' dir='ltr'><strong>propraetor,</strong></span> <span class='ocrx_word' id='word_1_225' title='bbox 473 1862 545 1895; x_wconf 86' lang='lat' dir='ltr'><strong>and</strong></span> <span class='ocrx_word' id='word_1_226' title='bbox 560 1861 672 1895; x_wconf 86' lang='lat' dir='ltr'><strong>called</strong></span> <span class='ocrx_word' id='word_1_227' title='bbox 686 1861 896 1903; x_wconf 78' lang='lat' dir='ltr'><strong>praetoriae.</strong></span> 
     </span>
    </p>
   </div>
   <div class='ocr_carea' id='block_1_5' title="bbox 1410 0 1448 1860">
    <p class='ocr_par' dir='ltr' id='par_1_10' title="bbox 1410 0 1448 1860">
     <span class='ocr_line' id='line_1_28' title="bbox 1410 0 1448 1860; baseline 0 0"><span class='ocrx_word' id='word_1_228' title='bbox 1410 0 1448 1860; x_wconf 95' lang='lat' dir='ltr'><strong> </strong></span> 
     </span>
    </p>
   </div>
   <div class='ocr_carea' id='block_1_6' title="bbox 195 2045 271 2079">
    <p class='ocr_par' dir='ltr' id='par_1_11' title="bbox 195 2045 271 2079">
     <span class='ocr_line' id='line_1_29' title="bbox 195 2045 271 2079; baseline -0.013 0"><span class='ocrx_word' id='word_1_229' title='bbox 195 2045 271 2079; x_wconf 85' lang='lat'><strong>134</strong></span> 
     </span>
    </p>
   </div>
   <div class='ocr_carea' id='block_1_7' title="bbox 1426 2023 1448 2236">
    <p class='ocr_par' dir='ltr' id='par_1_12' title="bbox 1426 2023 1448 2236">
     <span class='ocr_line' id='line_1_30' title="bbox 1426 2023 1448 2236; textangle 90"><span class='ocrx_word' id='word_1_230' title='bbox 1426 2081 1448 2236; x_wconf 59' lang='lat' dir='ltr'><strong>num-tax.</strong></span> <span class='ocrx_word' id='word_1_231' title='bbox 1432 2046 1439 2052; x_wconf 59' lang='lat'>2</span> <span class='ocrx_word' id='word_1_232' title='bbox 1432 2023 1434 2026; x_wconf 69' lang='grc'>’</span> 
     </span>
    </p>
   </div>
  </div>
 </body>
</html>
