1448 2236
669 72 870 112 CICERO

176 190 299 228 quem
332 191 414 215 non
446 177 705 216 mediocriter
738 178 946 228 captabat,
979 191 1024 216 se
1057 190 1150 217 eum
1183 178 1362 217 Antonio

175 235 384 272 coniunxit
406 246 442 271 a.
464 233 503 271 d.
526 246 579 271 1v.
605 233 696 271 Kal.
718 233 868 279 Iunias,
890 233 1115 285 eodemque
1136 235 1202 272 die
1223 235 1276 273 ad
1295 248 1361 273 me

174 295 308 328 castra
335 295 577 335 moverunt3
615 292 759 340 viginti
786 290 911 327 millia
941 303 1133 340 passuum
1166 304 1259 329 cum
1293 292 1362 330 ab-

137 351 158 383 3
178 351 327 391 essent,
350 358 414 383 res
442 344 540 382 mihi
563 348 752 383 nuntiata
781 351 856 384 est.
910 345 1018 384 Dedi
1046 359 1211 397 operam
1238 347 1361 385 deum

175 403 446 453 benignitate,
475 406 522 439 ut
558 407 601 439 et
635 401 822 440 celeriter
855 414 922 440 me
954 405 1191 453 reciperem,
1220 409 1263 442 et
1298 404 1361 442 hic

176 459 371 497 discessus
393 457 491 495 nihil
511 456 633 508 fugae
654 457 783 495 simile
803 457 988 503 haberet,
1008 472 1089 496 non
1109 458 1224 497 miles
1244 459 1362 506 ullus,

175 529 257 553 non
291 527 430 565 eques,
463 527 543 552 non
577 514 798 564 quidquam
830 514 1212 564 impedimentorum
1246 519 1362 555 amit-

174 577 334 610 teretur
373 575 444 608 aut
484 570 536 608 ab
574 570 649 607 illis
689 568 939 608 ferventibus
977 570 1199 609 latronibus
1238 574 1362 611 inter-

175 630 391 678 ciperetur.
446 625 592 676 Itaque
611 625 740 675 pridie
760 625 895 664 Nonas
916 625 1050 664 Iunias
1070 639 1209 665 omnes
1228 631 1361 678 copias

177 683 329 721 Isaram
357 683 511 726 traieci,
538 687 780 731 pontesque,
808 694 908 732 quos
934 680 1126 727 feceram,
1151 685 1361 734 interrupi,

175 745 223 778 ut
245 740 422 789 spatium
445 738 497 775 ad
519 737 789 788 colligendum
811 750 855 775 se
878 737 1059 776 homines
1082 738 1295 786 haberent,
1319 746 1361 779 et

177 809 252 846 ego
283 808 350 833 me
381 796 540 831 interea
570 807 662 831 cum
693 793 848 844 collega
878 796 1193 845 coniungerem3
1239 809 1361 846 quem

174 851 322 895 triduo,
372 862 465 887 cum
515 848 586 886 has
637 848 785 886 dabam
834 849 1005 895 litteras,
1058 852 1359 901 exspectabam.

135 913 156 943 4
175 906 407 944 Laterensis
429 906 555 942 nostri
578 909 622 942 et
643 903 765 942 fidem
788 909 831 943 et
853 907 1032 943 animum
1053 906 1298 957 singularem
1319 910 1361 946 in

175 960 466 1012 rempublicam
489 972 649 1010 semper
670 958 842 998 fatebor.
896 959 977 999 Sed
997 967 1109 999 certe
1131 964 1254 1000 nimia
1276 965 1360 1001 eius

174 1018 429 1068 indulgentia
442 1019 484 1053 in
499 1015 700 1066 Lepidum
715 1016 767 1054 ad
781 1015 881 1054 haec
894 1016 1072 1066 pericula
1083 1019 1362 1069 perspicienda

174 1074 273 1113 fecit
312 1086 406 1111 eum
444 1075 575 1109 minus
614 1085 816 1123 sagacem.
869 1072 949 1120 Qui
987 1074 1152 1124 quidem
1189 1087 1282 1112 cum
1319 1078 1361 1113 in

174 1130 360 1168 fraudem
387 1141 432 1166 se
460 1128 681 1166 deductum
709 1129 880 1174 videret,
907 1142 1063 1175 manus,
1092 1143 1191 1180 quas
1217 1132 1360 1170 iustius

173 1188 216 1224 in
247 1185 393 1236 Lepidi
422 1186 642 1235 perniciem
673 1190 883 1230 armasset,
914 1186 988 1223 sibi
1020 1185 1162 1224 afferre
1192 1193 1360 1225 conatus

175 1247 251 1280 est.
306 1241 355 1278 In
375 1254 455 1291 quo
475 1253 570 1278 casu
589 1245 729 1278 tamen
749 1240 1030 1292 interpellatus
1051 1247 1095 1280 et
1113 1242 1244 1281 adhuc
1263 1245 1361 1282 vivit

176 1304 219 1336 et
241 1298 389 1336 dicitur
412 1299 601 1334 victurus.
655 1295 736 1334 Sed
759 1302 899 1335 tamen
922 1297 975 1335 de
998 1297 1074 1335 hoc
1096 1298 1194 1335 mihi
1216 1312 1360 1349 parum

134 1361 156 1392 5
174 1359 331 1393 certum
347 1358 422 1391 est.
478 1352 632 1403 Magno
646 1366 738 1391 cum
751 1353 888 1391 dolore
901 1353 1187 1404 parricidarum
1202 1355 1360 1406 elapsus

173 1423 263 1448 sum
283 1412 344 1447 iis.
397 1408 629 1447 Veniebant
656 1412 764 1447 enim
791 1410 936 1448 eodem
957 1409 1090 1448 furore
1111 1413 1153 1448 in
1177 1424 1258 1457 me,
1280 1425 1359 1462 quo

173 1469 215 1503 in
230 1467 420 1516 patriam,
436 1466 606 1502 incitati.
661 1464 893 1503 Iracundias
911 1470 1050 1503 autem
1067 1465 1210 1503 harum
1225 1479 1359 1504 rerum

171 1526 358 1560 recentes
397 1520 618 1565 habebant,
657 1521 766 1572 quod
804 1520 1006 1572 Lepidum
1043 1524 1243 1573 castigare
1279 1536 1359 1562 non

221 1677 236 1694 ⁰
259 1673 343 1706 This
373 1673 402 1705 is
432 1673 658 1705 inconsistent
686 1673 770 1705 with
800 1675 855 1705 21.
878 1675 912 1712 2,
937 1676 1013 1706 “ne
1042 1674 1197 1706 venirem
1226 1673 1359 1708 denun-

175 1716 323 1754 tiabat‚''
346 1719 411 1748 etc.
434 1715 473 1757 (“
483 1715 527 1748 he
553 1715 732 1757 distinctly
754 1715 829 1748 told
859 1726 915 1748 me
943 1720 1003 1749 not
1032 1718 1070 1749 to
1099 1716 1235 1755 come,”
1265 1718 1357 1760 etc.).

176 1760 211 1793 Is
223 1761 253 1823 ¹it
261 1758 419 1835 gossiblte
433 1758 511 1791 that
526 1758 681 1834 Εῗῐῖἰᾱέιε
697 1758 768 1791 had
783 1769 862 1792 now
877 1758 948 1791 laid
963 1769 986 1792 a
1000 1762 1079 1802 trap
1093 1759 1149 1792 for
1164 1759 1314 1794 Plancus
1324 1763 1339 1793 Ρ

289 1813 329 1835 ee
345 1813 392 1834 no
408 1812 428 1834 e
445 1812 491 1834 on
507 1812 540 1834 x.
605 1825 613 1834 .
655 1825 663 1834 .

220 1850 233 1866 ⁰
257 1845 455 1878 Laterensis
471 1844 566 1877 died.
615 1844 670 1877 He
683 1855 754 1877 was
770 1855 816 1877 an
829 1844 1048 1878 honour-able
1060 1855 1156 1883 man,
1170 1845 1358 1888 staunchly

178 1888 275 1930 loyal
304 1891 339 1921 to
369 1888 429 1920 the
460 1887 647 1928 Republie,
675 1887 747 1920 and
778 1887 831 1920 his
861 1888 995 1921 suicide
1025 1888 1055 1921 is
1080 1898 1104 1922 a
1128 1888 1359 1931 pathetically

176 1933 322 1973 moving
338 1930 493 1964 incident
510 1932 545 1964 in
562 1930 620 1964 the
637 1932 840 1973 campaign.

175 1990 252 2030 368

1438 773 1448 804 3,

1438 816 1448 855 -ἔ

1436 856 1448 1024 Ξ

1443 1453 1448 1525 ,,.
1434 1313 1448 1402 „an-⁴
