1448 2236
678 72 879 113 OIOERO

122 171 126 174 ’
181 185 319 211 meum
345 179 422 220 est,
449 180 496 214 ut
521 176 596 214 tibi
623 179 758 215 omnia
783 191 876 216 mea
900 179 1042 225 officia,
1067 179 1215 226 studia,
1241 194 1368 226 curas,

180 246 447 295 cogitationes
486 245 689 296 pollicear,
730 261 835 299 quae
876 248 929 287 ad
967 254 1083 288 tuam
1122 249 1284 289 laudem
1325 256 1368 289 et

180 313 349 365 gloriam
386 317 663 366 pertinebunt.
728 318 1002 366 Quamobrem
1039 319 1159 358 velim
1197 321 1272 359 tibi
1309 323 1368 359 ita

179 372 439 435 persuadeas,
454 400 521 425 me
537 393 626 426 tum
641 389 886 439 reipublicae
901 403 1035 436 causa,
1051 404 1156 442 quae
1171 391 1270 429 mihi
1284 394 1368 430 vita

181 468 274 493 mea
295 461 358 494 est
378 460 517 503 carior,
538 463 627 496 tum
649 459 757 510 quod
777 460 852 498 tibi
872 462 958 511 ipse
978 460 1152 508 faveam,
1172 467 1368 513 tuamque

181 525 426 577 dignitatem
456 528 689 579 amplificari
718 529 852 576 velim,
882 533 962 569 tuis
993 534 1154 582 optimis
1183 532 1367 578 consiliis,

182 596 450 647 amplitudini,
467 598 620 650 gloriae
638 599 747 638 nullo
764 599 851 639 loco
869 600 1118 641 defuturum.

743 770 799 808 VI

328 887 375 914 m.
401 888 540 914 CICERO
566 889 599 914 S.
627 890 666 915 D.
694 890 734 915 1).
762 890 892 916 BRUTO
919 890 1007 917 luP.
1034 891 1113 918 COS.
1140 891 1226 918 DES.

598 963 744 1002 Romae,
761 974 866 998 A.u.c.
884 966 961 998 710.

146 1045 162 1079 l
237 1038 376 1089 Lupus
382 1044 520 1077 noster
526 1053 618 1077 cum
630 1039 801 1078 Romam
812 1047 929 1079 sexto
936 1042 1002 1079 die
1014 1041 1177 1079 Mutina
1183 1043 1372 1087 venisset,
1433 1076 1437 1080 .

183 1109 377 1159 postridie
414 1122 480 1147 me
516 1122 636 1147 mane
673 1113 888 1156 convenit3
934 1117 1007 1149 tua
1041 1111 1139 1149 mihi
1179 1112 1373 1150 mandata

184 1179 489 1231 diligentissime
523 1182 710 1230 exposuit
743 1186 786 1219 et
817 1180 974 1219 litteras
1005 1181 1194 1220 reddidit.
1253 1181 1372 1230 Quod

183 1249 282 1287 mihi
307 1255 422 1288 tuam
448 1250 692 1302 dignitatem
717 1252 990 1297 commendas,
1017 1251 1161 1291 eodem
1187 1258 1371 1303 tempore

184 1322 371 1358 existimo
408 1325 452 1358 te
489 1320 587 1358 mihi
623 1334 758 1359 meam
794 1321 1038 1373 dignitatem
1074 1322 1371 1367 commendare,
1439 1343 1448 1368 ς

183 1403 306 1441 quam
336 1390 566 1428 mehercule
597 1404 678 1429 non
708 1391 839 1430 habeo
869 1396 942 1430 tua
971 1395 1177 1430 cariorem.
1234 1392 1370 1440 Quare

182 1461 280 1498 mihi
300 1463 575 1512 gratissimum
595 1460 732 1507 facies,
755 1464 787 1499 si
811 1462 1064 1512 exploratum
1086 1462 1268 1508 habebis,
1288 1464 1369 1500 tuis

181 1530 365 1569 laudibus
386 1531 494 1569 nullo
513 1531 599 1569 loco
619 1545 694 1569 nec
713 1532 921 1570 eonsilium
939 1545 1015 1571 nec
1034 1533 1213 1571 studium
1231 1545 1368 1570 meum

142 1607 162 1637 2
181 1600 429 1640 defuturum.
483 1600 586 1639 Cum
611 1602 761 1639 tribuni
787 1602 916 1653 plebis
945 1602 1177 1649 edixissent,
1203 1608 1367 1640 senatus
1431 1615 1433 1617 ’

181 1672 343 1710 adesset
362 1685 399 1709 a.
418 1671 458 1710 d.
477 1684 565 1709 x111.
587 1671 677 1709 Kal.
699 1672 785 1710 Ian.
806 1672 1085 1724 haberentque
1103 1675 1146 1710 in
1163 1675 1296 1710 animo
1315 1672 1367 1710 de

179 1742 379 1792 praesidio
396 1742 603 1780 consulum
619 1742 922 1793 designatorum
938 1742 1104 1789 referre,
1121 1756 1366 1794 quamquam
1427 1779 1431 1783 .

179 1818 404 1850 statueram
435 1814 477 1849 in
509 1818 695 1850 senatum
729 1818 825 1850 ante
860 1812 950 1851 Kal.
985 1813 1071 1851 Ian.
1103 1827 1184 1851 non
1216 1815 1366 1858 venire,

180 1951 213 1983 D
228 1911 243 1926 ⁰
268 1909 334 1983 &leg
366 1908 457 1941 after
485 1907 626 1950 leaving
658 1907 810 1941 Mutina.
865 1907 922 1940 He
946 1907 1083 1942 arrived
1110 1909 1146 1941 in
1177 1908 1290 1941 Rome
1318 1918 1364 1940 on

215 1960 265 1983 ec.
329 1974 338 1983 .

181 2007 258 2039 442
