1448 2236
674 68 875 109 CICERO

177 171 378 218 dedimus,
405 177 453 211 ut
481 178 525 211 et
550 175 699 212 tectius
728 173 781 212 ad
807 187 878 213 vos
903 172 1195 226 perferrentur,
1223 179 1268 214 et
1291 184 1365 213 nos

179 267 358 292 essemus
387 256 587 300 tutiores3
632 255 859 306 quibusque
886 255 1008 295 rebus
1039 261 1083 295 et
1110 268 1366 295 communem

177 335 352 374 salutem
362 338 509 389 muniri
522 341 566 374 et
577 349 649 374 nos
662 339 807 374 armari
813 339 1061 383 conveniret,
1071 339 1365 388 praecepimus.

178 416 241 454 Ex
266 430 346 468 quo
370 417 554 469 intellegi
577 422 730 468 potest,
754 431 892 456 curam
915 418 1161 470 reipublicae
1184 430 1367 457 summae

137 503 158 535 6
177 497 463 537 defendundae
484 499 724 549 iampridem
745 499 854 551 apud
873 512 946 539 nos
967 501 1181 539 excubare.
1234 499 1365 546 Nune,

176 594 269 619 cum
287 580 412 619 deum
429 581 687 632 benignitate
707 581 759 620 ab
778 584 887 620 omni
909 594 955 620 re
973 594 1110 620 sumus
1128 584 1366 633 paratiores,

177 676 259 701 non
283 662 412 701 solum
440 663 547 701 bene
572 675 736 714 sperare
761 663 814 702 de
838 663 953 702 nobis
978 662 1176 709 homines,
1199 663 1274 702 sed
1297 675 1363 702 ex-

175 744 334 795 plorate
367 745 545 783 iudicare
579 744 776 783 volumus.
830 743 1031 797 Legiones
1065 744 1197 784 habeo
1230 758 1258 783 v
1288 745 1365 784 sub
1436 738 1448 789 i

175 828 313 877 signis,
347 831 391 865 et
421 839 494 864 sua
526 825 607 865 fide
638 829 872 877 virtuteque
902 826 1149 877 reipublicae
1179 828 1366 865 coniunc-
1435 818 1448 842 ‘³'

174 910 350 946 tissimas
389 913 432 946 et
469 913 608 946 nostra
642 907 889 946 liberalitate
926 908 1041 947 nobis
1078 908 1364 959 obsequentes,
1432 951 1435 954 Δ

174 991 420 1040 provinciam
435 991 614 1027 omnium
630 991 841 1028 civitatum
855 1002 1053 1028 consensu
1067 991 1364 1040 paratissimam
1432 1008 1434 1010 ·

176 1076 220 1110 et
236 1084 395 1109 summa
409 1073 672 1109 contentione
688 1071 741 1109 ad
757 1070 885 1109 officia
900 1076 1143 1117 certantem,
1160 1073 1364 1122 equitatus

177 1152 498 1204 auxiliorumque
520 1158 658 1191 tantas
679 1155 828 1203 copias,
851 1158 1024 1204 quantas
1046 1152 1124 1191 hae
1145 1158 1291 1204 gentes
1313 1151 1365 1190 ad

175 1233 477 1273 defendendam
499 1247 614 1272 suam
636 1233 810 1272 salutem
830 1233 1148 1285 libertatemque
1169 1232 1366 1272 conficere

175 1321 357 1367 possunt.
412 1315 506 1366 Ipse
519 1317 579 1353 ita
594 1328 683 1353 sum
699 1317 832 1353 animo
845 1320 1027 1366 paratus,
1042 1314 1107 1353 vel
1120 1317 1365 1366 provinciam

176 1399 298 1442 tueri,
316 1396 382 1435 vel
399 1399 473 1442 ire,
493 1409 572 1447 quo
591 1396 819 1446 respublica
837 1401 969 1442 vocet,
987 1395 1053 1434 vel
1070 1395 1233 1434 tradere
1252 1408 1366 1435 exer·
1424 1411 1425 1414 ¹

176 1481 317 1524 eitum,
333 1477 482 1516 auxilia
495 1479 837 1528 provinciamque,
851 1482 899 1515 ut
912 1476 978 1515 vel
991 1490 1154 1515 omnem
1167 1479 1366 1528 impetum

176 1560 272 1599 belli
285 1561 328 1597 in
342 1572 409 1597 me
423 1564 661 1597 convertere
675 1572 757 1597 non
771 1571 970 1604 recusem,
983 1560 1018 1596 si
1029 1558 1151 1597 modo
1164 1571 1258 1597 meo
1270 1570 1366 1596 casu

176 1647 249 1680 aut
265 1640 501 1679 confirmare
518 1642 676 1690 patriae
695 1639 869 1677 salutem
888 1644 960 1678 aut
975 1639 1200 1690 periculum
1216 1641 1366 1690 possim

142 1730 162 1762 7
178 1725 338 1761 morari.
393 1721 507 1759 Haec
555 1723 588 1759 si
635 1723 716 1759 iam
765 1720 966 1771 expeditis
1014 1721 1199 1759 omnibus
1243 1720 1365 1759 rebus

176 1803 475 1855 tranquilloque
491 1807 603 1841 statu
619 1804 792 1840 civitatis
807 1801 1011 1852 polliceor,
1027 1804 1069 1840 in
1085 1802 1232 1840 damno
1246 1814 1364 1840 meae

175 1886 305 1924 laudis
320 1884 566 1935 reipublicae
583 1882 793 1922 commodo
809 1882 994 1921 laetabor
1010 1895 1022 1928 ;
1051 1885 1113 1921 sin
1130 1883 1182 1921 ad
1197 1884 1365 1922 societa-
1416 1871 1418 1875 ‚

181 2011 257 2044 318
