1448 2236
692 71 895 111 CICERO

194 174 347 213 malum
374 175 588 220 urbanum,
617 181 661 213 et
687 178 746 213 ita
773 176 1107 215 corroborabatur
1133 176 1314 227 quotidie
1342 181 1389 213 ut

196 257 273 296 ego
297 245 463 296 quidem
487 252 530 283 et
555 246 643 284 urbi
667 252 711 284 et
734 249 817 284 otio
841 246 1065 285 diffideram
1088 247 1254 285 urbano.
1309 245 1389 284 Sed

195 317 254 352 ita
280 316 441 354 seditio²
468 330 697 367 compressa
726 323 802 362 est,
831 323 878 354 ut
907 315 1006 356 mihi
1033 315 1242 355 videamur
1269 329 1388 354 omne

195 387 276 424 iam
303 386 356 424 ad
383 393 546 438 tempus
574 388 626 425 ab
653 387 720 425 illo
748 387 965 425 dumtaxat
991 386 1262 425 sordidissimo
1285 389 1389 437 peri-

195 455 284 494 culo
306 459 387 494 tuti
410 456 548 495 futuri.
604 457 775 508 Reliqua
799 471 950 509 magna
971 463 1066 496 sunt
1089 463 1134 495 et
1154 457 1298 502 multa,
1316 457 1389 495 sed

195 530 327 577 posita
346 531 480 566 omnia
499 531 541 566 in
561 529 683 566 vobis.
740 528 998 580 Quamquam
1016 530 1191 579 primum
1210 527 1389 578 quidque

197 597 454 647 explicemus.
512 599 631 644 Nam,
650 605 697 637 ut
717 598 847 636 adhuc
868 598 1033 649 quidem
1053 604 1190 636 actum
1210 603 1287 643 est,
1308 611 1390 635 non

195 681 335 719 regno,
363 669 436 707 sed
463 683 561 721 rege
588 669 750 707 liberati
777 669 972 707 videmur.
1029 667 1252 707 Interfecto
1281 670 1389 706 enim

195 751 307 789 rege,
335 742 467 791 regios
498 753 637 778 omnes
667 745 790 778 nutus
819 745 994 777 tuemur.
1051 739 1195 789 Neque
1225 751 1319 776 vero
1347 737 1390 776 id

191 808 337 854 solum,
363 810 436 847 sed
464 812 603 855 etiam,
627 823 732 861 quae
760 811 846 860 ipse
869 809 950 854 ille,
977 812 1010 847 si
1033 811 1200 853 viveret,
1222 821 1303 846 non
1330 806 1388 846 fa-

194 884 321 924 ceret,
341 893 390 917 ea
409 893 495 925 nos,
515 882 629 930 quasi
648 882 828 931 cogitata
847 879 899 917 ab
918 878 999 924 illo,
1017 879 1246 929 probamus.
1302 877 1388 916 Nec

196 951 281 986 eius
320 949 486 1000 quidem
523 952 582 988 rei
621 950 744 987 finem
779 949 908 987 video.
962 948 1141 986 Tabulae
1181 948 1387 999 figuntur3

195 1021 473 1058 immunitates
499 1019 677 1064 dantur3
716 1022 913 1070 pecuniae
939 1021 1141 1056 maximae
1169 1018 1388 1056 discribun-

194 1094 262 1126 tur
280 1102 290 1134 3
316 1089 474 1128 exsules
493 1090 767 1134 reducuntur;
791 1087 1142 1145 senatusconsulta
1164 1087 1266 1126 falsa
1284 1087 1389 1126 refe-

195 1165 362 1205 runtur3
393 1167 439 1198 ut
458 1160 743 1198 tantummodo
764 1159 901 1198 odium
924 1159 1025 1197 illud
1048 1157 1221 1196 hominis
1241 1160 1388 1208 impuri

195 1235 238 1267 et
261 1233 466 1269 servitutis
486 1230 599 1268 dolor
621 1230 812 1281 depulsus
836 1242 924 1267 esse
944 1229 1143 1274 videatur,
1162 1227 1388 1279 respublica

194 1302 327 1338 iaceat
350 1303 392 1338 in
414 1299 475 1338 his
497 1288 884 1351 perturbationibus,
903 1303 946 1337 in
965 1312 1065 1350 quas
1092 1311 1184 1336 eam
1206 1297 1272 1336 ille
1295 1311 1387 1336 con—

155 1376 175 1407 2
194 1373 301 1408 iecit.
358 1370 473 1409 Haec
499 1373 634 1409 omnia
657 1371 768 1408 vobis
795 1375 891 1408 sunt
918 1368 1188 1420 expedienda,
1211 1381 1287 1406 nec
1311 1367 1387 1406 hoc

193 1441 470 1492 cogitandum,
495 1443 593 1479 satis
617 1443 699 1478 iam
723 1439 875 1478 habere
900 1438 1192 1490 rempublicam
1214 1453 1238 1477 a
1260 1439 1384 1476 vobis.

194 1510 335 1549 Habet
378 1510 446 1548 illa
490 1511 656 1562 quidem
700 1516 877 1555 tantum,
921 1514 1122 1560 quantum
1163 1522 1386 1560 numquam

193 1580 291 1618 mihi
341 1584 384 1619 in
433 1586 616 1619 mentem
668 1584 780 1618 venit
834 1586 976 1631 optare
995 1592 1005 1624 ;
1068 1579 1142 1617 sed
1189 1584 1385 1617 contenta

194 1665 274 1689 non
305 1658 381 1696 est,
412 1657 469 1696 et,
499 1664 572 1702 pro
601 1650 883 1702 magnitudine
914 1655 958 1688 et
988 1651 1111 1688 animi
1141 1654 1186 1687 et
1213 1648 1385 1687 benefici

193 1724 328 1766 vestri,
359 1735 383 1759 a
412 1722 522 1759 vobis
552 1734 702 1771 magna
730 1720 947 1758 desiderat.
1003 1717 1148 1757 Adhuc
1177 1718 1264 1757 ulta
1292 1731 1383 1756 suas

193 1794 354 1830 iniurias
378 1797 440 1829 est
467 1804 540 1841 per
563 1803 631 1828 vos
657 1792 826 1827 interitu
852 1791 1015 1840 tyranni
1035 1801 1044 1825 :
1080 1787 1178 1825 nihil
1199 1787 1381 1838 amplius.

193 1862 445 1899 Ornamenta
472 1873 566 1898 vero
594 1873 667 1897 sua
695 1872 799 1910 quae
827 1858 1114 1908 recuperavit?
1168 1858 1248 1902 An,
1275 1857 1383 1908 quod

532 1954 545 1973 ¹
566 1953 691 1986 seditio
707 1953 824 1986 added
841 1953 883 1994 by
898 1952 1044 1985 Purser.

191 2011 264 2045 518
