1448 2236
687 51 889 90 CICERO

193 161 240 194 ut
274 155 529 193 necessitudo
565 160 702 192 nostra
735 153 944 205 postulat3
991 157 1034 192 in
1067 154 1318 205 Sempronio,
1350 157 1382 193 si

191 212 292 247 meis
322 209 468 247 litteris
499 208 836 258 obtemperasses,
867 211 1087 246 maximam
1117 209 1169 246 ab
1199 208 1383 246 omnibus

191 262 356 300 laudem
390 263 563 312 adeptus
598 275 720 300 esseS.
773 261 854 300 Sed
886 261 986 300 illud
1019 267 1063 300 et
1095 254 1307 312 praeteriit
1341 267 1384 299 et

191 316 317 354 levius
340 321 416 354 est.
469 314 584 353 Haec
604 329 754 367 magna
773 328 838 353 res
861 320 924 354 est
941 327 952 361 ;
986 314 1052 353 fac
1072 321 1119 353 ut
1139 317 1383 366 provinciam

191 373 368 408 retineas
387 372 430 406 in
448 374 655 419 potestate
674 369 933 419 reipublicae.
986 367 1107 406 Plura
1124 371 1382 419 scripsissem,

191 426 267 461 nisi
300 426 361 461 tui
392 422 649 461 festinarent.
704 423 850 474 Itaque
888 422 1115 473 Chaerippo
1147 428 1284 460 nostro
1316 434 1383 460 me

190 477 310 515 velim
329 490 511 515 excuses.
1293 479 1295 481 ’

717 596 861 634 ΧΧΙΙΙ

532 696 577 721 Μ.
594 695 633 721 Τ.
651 696 686 721 C.
705 695 737 721 S.
756 696 796 721 D.
815 694 1042 720 CORNIFICIO

607 778 755 818 Romae,
772 789 878 811 A.u.c.
896 779 974 811 ¹710.

153 869 172 902 1
243 863 418 902 Omnem
451 864 723 901 conditionem
755 865 898 912 imperi
930 865 991 900 tui
1023 867 1260 913 statumque
1291 874 1382 912 pro-

193 920 345 955 vinciae
376 917 474 954 mihi
504 917 796 955 demonstravit
826 916 1044 954 Tratorius.
1097 915 1134 954 O
1164 915 1294 953 multa
1322 917 1382 952 in-

196 971 420 1009 tolerabilia
438 970 532 1008 locis
553 971 737 1008 omnibus
755 970 764 1007 !
818 969 899 1007 Sed
918 983 998 1020 quo
1017 974 1090 1007 tua
1107 971 1235 1006 maior
1253 968 1381 1020 digni-

193 1030 270 1070 tas,
293 1038 354 1070 eo,
377 1038 481 1075 quae
503 1025 577 1062 tibi
599 1024 844 1068 acciderunt,
865 1026 996 1060 minus
1017 1021 1185 1061 ferenda
1202 1034 1212 1067 ;
1246 1034 1380 1072 neque

195 1081 315 1123 enim,
346 1091 451 1128 quae
480 1083 527 1115 tu
554 1083 720 1128 propter
751 1077 1074 1128 magnitudinem
1107 1081 1150 1113 et
1183 1077 1304 1113 animi
1338 1080 1381 1112 et

192 1134 330 1183 ingeni
345 1132 554 1169 moderate
572 1130 667 1175 fers,
683 1144 707 1168 a
721 1136 764 1168 te
780 1143 860 1168 non
875 1129 1102 1168 ulciscenda
1115 1134 1224 1174 sunt,
1239 1131 1382 1166 etiam-

155 1191 176 1222 2
195 1188 227 1223 si
257 1199 337 1222 non
365 1191 459 1223 sunt
488 1184 674 1222 dolenda.
727 1183 808 1222 Sed
837 1184 936 1221 haec
966 1185 1178 1234 posterius.
1231 1181 1381 1220 Rerum

196 1240 439 1276 urbanarum
468 1244 559 1276 acta
586 1239 660 1275 tibi
688 1240 796 1275 mitti
824 1243 935 1275 certo
962 1239 1056 1275 scio.
1109 1235 1230 1283 Quod
1255 1237 1297 1273 ni
1322 1237 1382 1273 ita

193 1298 394 1342 putarem,
426 1295 511 1342 ipse
543 1291 845 1341 perscriberem,
876 1293 918 1327 in
947 1292 1167 1340 primisque
1199 1288 1381 1326 Caesaris

194 1346 406 1384 Octaviani
434 1351 647 1390 conatum3
699 1345 751 1382 de
780 1357 859 1394 quo
886 1343 1136 1381 multitudini
1163 1342 1302 1380 fictum
1330 1341 1382 1379 ab
1446 1351 1448 1354 ⁴

194 1399 373 1437 Antonio
392 1402 543 1437 crimen
563 1399 735 1443 videtur,
756 1403 802 1435 ut
821 1400 862 1434 in
882 1399 1095 1447 pecuniam
1114 1395 1381 1434 adulescentis
1443 1428 1448 1437 ,

193 1455 393 1502 impetum
417 1452 584 1490 faceret.
639 1451 864 1489 Prudentes
890 1456 1029 1489 autem
1054 1455 1099 1488 et
1122 1450 1217 1487 boni
1241 1451 1313 1486 viri
1338 1453 1382 1486 et
1440 1467 1448 1511 ;

245 1552 260 1567 ⁰
285 1547 319 1580 It
332 1548 360 1580 is
375 1550 437 1579 not
443 1546 582 1579 ‘known
596 1545 692 1578 what
704 1545 774 1578 this
788 1556 871 1578 was.
920 1545 1150 1587 Sempronius
1163 1545 1193 1577 is
1206 1542 1381 1586 probably

198 1590 258 1623 the
275 1590 390 1622 Rufus
404 1588 607 1622 mentioned
621 1590 658 1621 in
671 1589 742 1620 viii.
759 1591 791 1621 8.
806 1591 827 1620 2
842 1598 934 1630 seqq.

247 1633 260 1653 ¹³
285 1633 504 1675 Chaerippus
529 1642 600 1664 was
624 1642 647 1663 a
671 1641 778 1664 comes
803 1631 843 1663 of
865 1631 910 1671 Q.
936 1631 1058 1664 Cicero
1083 1630 1185 1663 when
1208 1639 1381 1672 governor

199 1675 240 1708 of
252 1676 350 1714 Asia,
366 1675 439 1708 and
454 1685 526 1708 was
542 1674 616 1707 also
631 1684 653 1706 a
667 1673 783 1706 friend
799 1673 839 1705 of
854 1674 1010 1706 Marcus.
1058 1672 1125 1706 See
1139 1674 1198 1705 xii.
1214 1675 1270 1705 80.
1286 1674 1320 1705 2.
1380 1693 1382 1697 ›

250 1723 262 1739 ⁶
287 1718 467 1760 Probably
505 1729 527 1750 a
566 1717 682 1759 legate
720 1716 760 1749 of
796 1716 1016 1749 Cornificius.
1063 1715 1270 1748 Cornificius
1309 1712 1381 1747 had

201 1761 392 1795 succeeded
410 1761 450 1794 C.
469 1760 641 1793 Calvisius
659 1759 813 1794 Sabinus
829 1770 870 1791 as
886 1769 1059 1800 governor
1076 1758 1116 1791 of
1130 1758 1252 1791 Africa
1268 1760 1307 1790 at
1322 1757 1385 1794 the.

201 1805 396 1847 beginning
413 1804 453 1837 of
468 1804 527 1836 the
544 1814 640 1845 year.
687 1803 832 1844 Antony
851 1801 921 1834 had
940 1812 1020 1834 now
1037 1804 1115 1835 sent
1131 1804 1195 1834 out
1210 1800 1382 1834 Calvisius

202 1851 237 1880 to
254 1847 440 1889 supersede
455 1847 540 1885 him,
557 1847 622 1879 but
636 1845 842 1879 Cornificius
858 1844 1075 1878 maintained
1089 1844 1144 1877 his
1159 1844 1322 1886 position.

248 1890 263 1909 ⁴⁷¹
288 1892 356 1929 i.e.‚
379 1902 425 1924 on
449 1890 508 1923 the
530 1889 590 1922 life
613 1889 653 1922 of
673 1889 831 1930 Antony.
881 1889 914 1921 It
931 1898 1003 1921 was
1026 1886 1130 1920 made
1153 1898 1200 1920 on
1218 1886 1299 1920 Oct.
1320 1884 1380 1919 5th

201 1943 242 1967 or
257 1934 330 1967 eth.

205 1988 281 2030 594

1428 2156 1448 2236 „K
1438 2135 1448 2141 f
1430 2083 1448 2118 “hl
1431 2047 1448 2071 ΑἸΊ
1436 2015 1448 2023 Ῐ
1429 1947 1432 1962 *A
