1448 2236
675 48 875 86 CICERO
922 41 926 46 ¹

715 151 862 192 XXII!

511 248 636 270 CICERO
662 247 688 269 S.
716 247 751 268 D.
778 247 891 269 FADIO
917 247 1035 269 GALLO

638 314 744 346 Anno
759 313 903 346 incerto.

141 398 156 430 1
230 391 406 429 Tantum
435 390 544 442 quod
572 404 623 428 ex
653 391 840 441 Arpinati
869 403 1072 434 veneram,
1101 403 1193 427 cum
1221 389 1319 427 mihi
1347 403 1371 427 a

179 451 221 482 te
263 445 426 483 litterae
466 445 651 483 redditae
693 449 817 489 sunt;
872 444 924 481 ab
965 443 1192 495 eodemque
1233 446 1369 494 accepi

179 499 323 536 Aviani
348 495 519 543 litteras,
543 501 585 536 in
610 498 754 549 quibus
779 497 854 535 hoe
879 499 1011 535 inerat
1034 497 1369 541 liberalissimum,

178 554 341 589 nomina
366 565 409 590 se
434 551 651 596 facturum,
677 565 770 588 cum
795 553 986 596 venisset,
1013 564 1093 602 qua
1122 564 1198 602 ego
1224 550 1369 588 vellem

178 605 256 644 die.
309 606 401 650 Fac,
424 619 589 656 quaeso,
613 608 681 656 qui
705 618 781 656 ego
804 618 907 649 sum,
931 618 1018 642 esse
1041 610 1096 642 te.
1147 604 1276 642 Estne
1298 610 1370 642 aut

178 662 238 696 tui
255 659 433 710 pudoris,
452 665 523 697 aut
542 662 681 704 nostri,
699 661 875 710 primum
892 671 1035 710 rogare
1053 658 1104 696 de
1123 658 1203 703 die,
1222 657 1370 696 deinde

178 712 265 762 plus
289 726 423 750 annua
444 713 649 763 postulare
668 713 683 750 ?
731 711 812 750 Sed
834 718 984 758 essent,
1005 714 1060 749 mi
1084 711 1214 756 Galle,
1236 714 1370 749 omnia

176 765 321 811 facilia,
335 769 368 804 si
384 773 427 804 et
441 780 490 804 ea
504 772 707 804 mercatus
724 779 846 811 esses,
859 779 965 817 quae
982 778 1058 817 ego
1074 765 1368 810 desiderabam,

177 826 219 857 et
239 821 290 857 ad
309 832 401 858 eam
419 834 633 865 summam,
650 833 772 871 quam
791 819 1008 858 volueram.
1055 820 1115 856 Ac
1133 825 1274 857 tamen
1291 821 1370 857 ista

175 876 276 924 ipsa,
308 887 413 925 quae
445 880 489 912 te
520 877 665 912 emisse
696 874 847 918 scribis,
879 886 960 911 non
990 873 1120 911 solum
1150 879 1241 910 rata
1270 871 1368 910 mihi

176 933 309 972 erunt,
327 928 399 966 sed
418 930 543 965 etiam
560 934 678 979 grata
697 940 706 973 ;
738 927 858 978 plane
877 929 986 965 enim
1002 927 1210 978 intellegO,
1228 932 1272 965 te
1289 939 1370 964 non

176 981 295 1019 modo
318 982 466 1026 studio,
488 982 562 1020 sed
584 983 709 1019 etiam
731 994 867 1019 amore
890 994 1022 1026 usum,
1045 994 1150 1031 quae
1171 986 1216 1018 te
1238 979 1370 1018 delec-

174 1037 314 1080 tarint,
346 1035 565 1081 hominem‚
596 1041 643 1073 ut
675 1049 751 1086 ego
781 1047 943 1085 semper
972 1034 1158 1079 iudicavi,
1188 1037 1231 1071 in
1260 1036 1369 1072 omni

174 1088 320 1126 iudicio
368 1089 729 1140 elegantissimum,
770 1101 875 1140 quae
917 1101 984 1126 me
1031 1088 1155 1139 digna
1201 1090 1369 1138 putaris,

134 1149 154 1181 2
174 1145 379 1180 coemisse.
441 1143 521 1180 Sed
552 1143 673 1181 velim
704 1148 871 1180 maneat
904 1142 1175 1192 Damasippus
1206 1144 1250 1178 in
1280 1154 1369 1179 sen-

174 1199 317 1234 tentia.
380 1196 545 1234 Prorsus
575 1199 684 1234 enim
713 1209 764 1234 ex
792 1198 878 1234 istis
911 1196 1183 1246 emptionibus
1218 1195 1369 1232 nullam

174 1250 370 1288 desidero.
426 1251 488 1288 Tu
525 1256 665 1288 autem
698 1253 860 1301 ignarus
894 1252 1072 1287 instituti
1100 1251 1196 1293 mei,
1226 1251 1367 1300 quanti

174 1316 251 1354 ego
279 1318 407 1354 genus
437 1307 602 1342 omnino
629 1307 836 1355 signorum
864 1306 1045 1341 omnium
1073 1316 1154 1341 non
1183 1305 1368 1347 aestimo,

173 1360 279 1395 tanti
307 1360 386 1396 ista
406 1364 600 1409 quattuor
619 1363 691 1395 aut
711 1361 889 1409 quinque
913 1359 1132 1408 sumpsisti.
1187 1354 1368 1394 Bacchas

173 1413 271 1449 istas
304 1425 397 1449 cum
432 1412 560 1450 Musis
596 1411 757 1450 Metelli
789 1424 1010 1462 comparas.
1066 1410 1174 1457 Quid
1205 1410 1368 1447 simile?

222 1516 237 1531 ‘¹
261 1512 294 1545 A
312 1512 437 1554 highly
454 1512 628 1546 esteemed
646 1511 762 1545 friend
781 1513 822 1545 of
836 1511 969 1545 Cicero.
1019 1511 1075 1544 He
1094 1513 1201 1544 wrote
1219 1521 1241 1543 a
1259 1521 1368 1552 pane-

174 1557 275 1597 gyric
292 1566 338 1588 on
357 1556 446 1588 Cato
461 1556 654 1589 Uticensis.
707 1555 764 1597 Os.
782 1557 842 1589 vii.
861 1558 917 1588 24.
935 1557 969 1588 2.

224 1598 236 1618 ⁶
262 1599 367 1631 From
382 1599 500 1632 whom
516 1598 640 1633 Gallus
657 1599 729 1632 had
745 1599 884 1641 bought
898 1609 996 1631 some
1011 1600 1145 1631 statues
1160 1598 1216 1630 for
1233 1596 1366 1629 Cicero.

225 1646 237 1661 ⁶
262 1642 411 1675 Interest
430 1642 547 1675 would
567 1645 630 1675 not
648 1642 694 1675 be
711 1641 868 1684 charged
888 1652 935 1675 on
954 1641 1015 1674 the
1034 1640 1121 1675 debt
1139 1639 1230 1674 until
1249 1641 1278 1673 it
1296 1650 1368 1672 was

175 1696 215 1718 so
232 1685 386 1719 entered.

223 1727 238 1747 ‘¹
263 1729 501 1771 Damasippus
519 1727 591 1761 had
609 1727 741 1761 offered
758 1731 795 1761 to
814 1727 900 1760 take
916 1727 977 1760 the
994 1730 1128 1760 statues
1146 1726 1200 1760 off
1215 1725 1367 1759 Cicero's

176 1771 301 1805 hands.
345 1773 596 1814 Damasippus,
616 1782 639 1804 a
657 1771 764 1804 noted
783 1772 1081 1804 art-connoisseur
1099 1771 1141 1803 of
1154 1770 1215 1802 the
1233 1769 1318 1811 day,
1338 1771 1367 1801 is

175 1816 378 1849 mentioned
394 1817 431 1849 in
448 1816 536 1848 Hor.
555 1814 629 1848 Sat.
646 1816 682 1847 ii.
700 1817 733 1847 3.
754 1817 806 1847 16.

258 1858 414 1899 Quintus
425 1858 598 1892 Caecilius
611 1857 775 1891 Metellus
785 1857 917 1899 Scipio,
927 1857 987 1889 the
996 1856 1112 1889 father
1124 1856 1165 1889 of
1175 1855 1367 1931 PompJ’s

175 1902 250 1937 first
267 1903 358 1939 wife.
378 1902 511 1936 Mucia.
555 1901 611 1934 He
629 1911 700 1935 was
718 1912 740 1934 a
757 1901 984 1934 connoisseur
1002 1901 1038 1933 in
1056 1903 1229 1941 statuary.
1270 1898 1286 1941 (
1325 1901 1365 1931 tt.

176 1947 223 1981 vi.
243 1949 272 1979 l.
293 1946 361 1987 17.)

175 1997 227 2037 66
