1430 2242
629 26 830 84 menno

95 151 116 183 2
135 145 215 184 Sed
244 146 360 196 plura
389 147 607 186 scribemus
639 148 748 187 alias.
801 150 876 196 Tu,
907 154 976 201 qui
1005 155 1150 191 ceteris
1180 166 1321 193 cavere

134 208 322 254 didicisti,
356 210 399 246 in
434 209 642 248 Britannia
677 224 729 249 ne
765 212 818 249 ab
856 213 1063 251 essedariis
1099 214 1320 266 decipiaris,

134 276 289 316 caveto,
311 277 366 316 et,
384 271 544 322 quando
564 271 740 310 Medeam
758 286 881 325 agere
899 277 1027 326 coepi,
1047 275 1144 314 illud
1162 290 1321 329 semper

133 339 340 371 memento
360 347 368 371 :

229 412 291 453 qui
312 412 477 488 ipse-tsibi
499 414 639 455 sapiens
665 413 830 455 prodesse
860 425 931 447 non
961 417 1049 457 quit,
1078 416 1319 460 nequidquam

318 465 395 497 sapi
414 479 422 487 .

134 522 252 568 Cura,
271 528 318 561 ut
335 523 482 562 valeas.

687 654 765 692 VII

546 774 684 799 CICERO
710 774 905 800 TREBATIO

545 847 692 886 Romae,
709 859 815 881 A.u.c.
833 851 910 881 700.

93 939 108 971 1
180 933 268 984 Ego
298 938 342 970 te
372 932 655 970 commendare
684 946 766 971 non
794 933 958 979 desisto,
988 935 1074 980 sed,
1104 935 1201 986 quid
1227 949 1316 986 pro-

129 995 273 1041 ficiam,
297 1008 347 1032 ex
370 1000 414 1032 te
435 996 535 1032 scire
557 996 688 1045 cupio.
741 994 864 1045 Spem
885 998 1103 1034 maximam
1124 996 1254 1035 habeo
1273 1001 1315 1036 in

128 1057 268 1102 Balbo,
296 1057 348 1094 ad
377 1070 500 1107 quem
528 1056 580 1094 de
608 1062 651 1094 te
680 1056 985 1108 diligentissime
1014 1063 1057 1096 et
1084 1061 1314 1109 saepissime

127 1120 268 1158 scribo.
325 1118 430 1157 Illud
459 1118 567 1156 soleo
598 1121 745 1162 mirari,
776 1132 857 1157 non
886 1132 952 1157 me
983 1122 1104 1158 toties
1134 1123 1314 1172 accipere

128 1188 219 1220 tuas
238 1181 409 1226 litteras,
430 1183 587 1231 quoties
608 1194 632 1218 a
651 1180 804 1228 Quinto
823 1181 920 1219 mihi
938 1180 1065 1219 fratre
1083 1181 1312 1222 afferantur.

129 1245 178 1283 In
213 1244 422 1282 Britannia
458 1242 556 1280 nihil
594 1256 681 1280 esse
718 1243 837 1281 audio
874 1256 1008 1294 neque
1044 1246 1144 1290 auri,
1181 1258 1312 1296 neque

126 1308 299 1358 argenti.
354 1304 403 1343 Id
416 1307 448 1343 si
463 1307 521 1343 ita
536 1310 612 1350 est,
628 1305 814 1343 essedum
827 1305 990 1356 aliquod
1003 1306 1153 1344 suadeo
1167 1309 1311 1357 capias,

88 1375 108 1406 2
128 1375 171 1407 et
196 1368 250 1407 ad
275 1381 347 1406 nos
375 1381 498 1418 quam
522 1369 697 1418 primum
722 1380 915 1406 recurras.
968 1367 1037 1405 Sin
1063 1373 1202 1406 autem
1227 1372 1312 1408 sine

126 1432 334 1469 Britannia
362 1435 503 1467 tamen
530 1432 703 1480 assequi,
733 1430 839 1480 quod
868 1429 1062 1474 volumus,
1089 1443 1311 1480 possumus,

126 1493 288 1545 perfice,
315 1497 361 1530 ut
386 1494 438 1529 sis
464 1494 505 1529 in
530 1491 791 1529 familiaribus
818 1491 1010 1530 Caesaris.
1065 1491 1244 1530 Multum
1268 1499 1311 1531 te

126 1558 168 1594 in
200 1568 247 1592 eo
278 1553 405 1592 frater
435 1553 643 1591 adiuvabit
673 1567 801 1599 meus,
832 1553 1005 1591 multum
1035 1553 1196 1600 Balbus,
1226 1554 1311 1601 sed,

126 1617 223 1655 mihi
260 1616 394 1661 crede,
431 1621 524 1653 tuus
560 1616 690 1665 pudor
727 1621 770 1653 et
806 1615 917 1653 labor
951 1615 1180 1666 plurimum.
1233 1616 1311 1654 Im-

126 1684 356 1730 peratorem
372 1677 706 1722 liberalissimum,
724 1683 905 1715 aetatem
922 1679 1310 1727 opportunissimam,

126 1740 520 1780 commendationem
555 1744 666 1776 certe
703 1739 946 1789 singularem
981 1739 1119 1783 habes,
1155 1744 1202 1777 ut
1237 1740 1310 1777 tibi

127 1816 253 1841 unum
270 1802 498 1840 timendum
516 1804 582 1846 sit,
600 1813 652 1838 ne
670 1803 755 1851 ipse
775 1801 848 1838 tibi
867 1799 1042 1838 defuisse
1060 1801 1233 1838 videare.

400 1932 414 1948 ⁸
437 1928 622 1961 Trebatius
639 1938 709 1960 was
726 1938 805 1965 now
819 1926 929 1959 about
945 1928 1004 1974 35,

134 1986 183 2019 28
