1448 2236
697 28 899 94 CICERO

203 159 350 206 dicere,
371 173 463 198 cum
483 173 601 212 reges
621 165 707 198 tam
727 162 809 199 sint
827 163 1097 207 continentes,
1116 160 1246 201 multo
1264 164 1393 214 magis
1443 175 1448 215 j

202 214 429 252 consulares
458 227 546 253 esse
573 220 775 265 oportere.
829 214 969 254 Nescis
994 229 1061 254 me
1088 216 1140 254 ab
1165 215 1232 255 illo
1259 219 1394 255 omnia

204 271 483 318 expiscatum3
539 274 653 307 recta
695 282 789 307 eum
831 282 855 307 a
893 275 1013 320 porta
1052 269 1218 308 domum
1258 283 1393 308 meam

202 325 372 361 venisse.
427 322 572 373 Neque
589 322 664 361 hoc
683 323 871 369 admiror,
889 323 999 374 quod
1014 337 1096 362 non
1113 336 1227 362 suam
1243 326 1392 375 potius,
1440 346 1448 357 ι.

202 376 276 414 sed
304 376 417 421 illud,
450 376 558 427 quod
589 390 670 415 non
701 377 754 415 ad
784 390 912 415 suam.
964 377 1054 428 Ego
1085 383 1225 416 autem
1254 380 1392 428 primis

203 431 331 468 tribus
354 431 500 476 verbis,
528 429 550 443 “
570 430 679 478 Quid
706 436 844 469 noster
869 431 1051 470 Paetus?
1071 430 1094 444 ”
1146 432 1205 470 At
1229 431 1296 470 ille
1324 432 1392 470 ad-

163 489 184 520 2
203 486 351 530 iurans,
380 484 402 497 “
423 484 632 535 Nusquam
660 498 704 523 se
732 498 926 536 umquam
958 484 1191 524 libentius.”
1243 485 1332 524 Hoc
1359 487 1392 523 si

203 539 334 576 verbis
360 544 567 577 assecutus
594 552 651 584 es,
676 552 793 577 aures
819 539 872 578 ad
895 545 940 578 te
965 539 1131 578 afferam
1155 552 1237 578 non
1259 541 1391 577 minus

203 592 440 643 elegantes3
481 595 542 630 sin
568 599 709 631 autem
733 594 913 639 obsonio,
937 598 1035 644 peto
1061 607 1086 631 a
1109 599 1167 639 te,
1192 606 1245 631 ne
1268 593 1390 644 pluris

203 659 291 684 esse
307 646 461 692 balbos,
479 660 602 698 quam
619 647 789 686 disertos
806 653 939 699 putes.
995 647 1068 685 Me
1084 647 1266 699 quotidie
1283 647 1391 685 aliud

201 713 254 738 ex
283 700 360 739 alio
388 701 573 751 impedit.
626 700 721 747 Sed,
750 703 784 740 si
811 715 878 740 me
908 701 1141 752 expediero,
1169 707 1217 740 ut
1243 703 1286 739 in
1312 704 1391 739 ista
1430 739 1432 742 ,

201 754 288 792 loca
307 757 445 792 venire
465 758 628 805 possim,
650 769 731 794 non
751 758 1018 802 committam,
1038 761 1086 794 ut
1105 761 1150 795 te
1169 768 1258 794 sero
1279 768 1304 793 a
1322 768 1390 794 me

199 810 414 847 certiorem
432 808 587 848 factum
603 815 737 861 putes.

758 943 835 981 XX

650 1035 789 1061 CICERO
818 1035 942 1060 PAETO

614 1101 761 1140 Romae,
779 1112 884 1134 A.u.c.
902 1103 979 1135 708.

163 1174 179 1207 l
252 1169 480 1220 Dupliciter
495 1169 721 1208 delectatus
738 1184 827 1208 sum
842 1172 923 1208 tuis
939 1170 1099 1216 litteris,
1117 1176 1160 1209 et
1176 1169 1285 1221 quod
1301 1171 1388 1220 ipse

200 1226 281 1269 risi,
298 1230 341 1262 et
356 1224 464 1274 quod
478 1229 522 1262 te
537 1224 721 1262 intellexi
735 1227 816 1261 iam
830 1237 947 1275 posse
963 1224 1108 1262 ridere.
1162 1223 1235 1261 Me
1250 1229 1388 1261 autem

200 1291 226 1315 a
243 1283 307 1323 te,
333 1283 380 1316 ut
405 1291 581 1315 scurram
606 1278 786 1324 velitem,
811 1278 926 1316 malis
952 1283 1166 1316 oneratum
1192 1290 1280 1315 esse
1306 1290 1388 1315 non

201 1331 372 1369 moleste
402 1331 491 1369 tuli.
546 1331 651 1370 Illud
681 1331 812 1377 doleo,
843 1334 886 1369 in
914 1334 994 1370 ista
1023 1331 1110 1370 loca
1139 1333 1277 1369 venire
1307 1343 1388 1376 me,

201 1390 248 1423 ut
267 1388 571 1431 constitueram,
591 1399 673 1424 non
691 1388 884 1436 potuisse.
939 1385 1159 1423 Habuisses
1180 1387 1288 1422 enim
1307 1397 1387 1422 non

201 1439 416 1490 hospitem,
430 1440 503 1478 sed
516 1440 860 1478 contubernalem.
913 1439 971 1477 At
986 1452 1108 1490 quem
1122 1440 1250 1477 virum
1269 1438 1277 1476 l
1307 1451 1387 1476 non

203 1559 226 1574 u
241 1518 345 1602 grgaet.
352 1517 506 1593 ,fgffnfis
520 1518 560 1551 of
568 1518 710 1551 Caesar.
749 1518 822 1551 But
833 1528 928 1560 reyes
944 1519 973 1550 is
984 1517 1059 1550 also
1073 1516 1277 1559 commonly
1288 1515 1387 1555 used,

252 1603 278 1660 ἴε
288 1598 402 1637 There
415 1605 444 1637 is
460 1614 507 1660 ap
522 1603 670 1637 obvious
686 1603 866 1637 innuendo
881 1605 919 1637 in
933 1604 993 1637 the
1007 1603 1146 1646 change
1160 1602 1201 1636 of
1212 1602 1234 1616 ‘⁸
1249 1612 1352 1636 suam
1364 1601 1386 1615 ’'

205 1649 241 1680 to
251 1694 264 1711 ⁶
287 1646 584 1728 Sag'sgzrpiertain
599 1701 671 1731 you
686 1689 879 1731 properly?
893 1688 916 1704 ”

245 1732 261 1753 ‘¹
284 1733 359 1766 The
375 1731 445 1774 adj.
464 1732 618 1765 balbus:
632 1731 652 1746 “
668 1731 894 1774 stuttering.”

245 1780 259 1796 ⁶
282 1776 395 1810 There
408 1778 436 1809 is
447 1775 623 1819 probably
636 1786 657 1808 a
669 1775 800 1808 double
813 1775 980 1817 meaning
993 1773 1086 1813 here,
1099 1773 1206 1806 miili-3
1219 1774 1388 1816 meaning

204 1819 226 1832 ‘¹
241 1819 388 1858 abuse‚'’
409 1819 481 1852 and
501 1819 606 1851 malis
627 1818 648 1832 “
664 1819 824 1862 apples,’‘
845 1819 905 1852 the
924 1819 1028 1852 latter
1049 1819 1158 1861 being
1180 1818 1277 1852 often
1300 1819 1387 1851 used

203 1872 244 1895 as
274 1862 422 1896 missiles
450 1865 487 1895 to
517 1862 597 1895 hurl
618 1865 656 1895 at
677 1862 738 1895 the
759 1861 869 1895 heads
891 1862 931 1895 of
950 1862 1010 1896 the
1031 1862 1264 1904 professional
1280 1861 1388 1904 jester

203 1905 356 1947 (scurra)
372 1909 410 1939 at
426 1916 448 1938 a
464 1905 643 1947 banquets

252 1949 267 1972 s
290 1948 372 1987 Lit..
388 1959 455 1982 one
470 1948 550 1982 who
565 1947 693 1982 shared
708 1948 768 1981 the
783 1958 881 1981 same
895 1951 971 1982 tent
985 1959 1032 1981 on
1049 1947 1206 1990 military
1221 1948 1363 1981 service.

208 1999 286 2038 256
