1430 2242
591 45 792 85 CICERO

97 152 187 188 istic
210 149 397 188 libenter.
452 149 596 200 Neque
621 152 730 188 enim
753 163 846 188 mea
868 152 1219 192 commendatione
1241 159 1286 192 te

98 217 179 241 non
204 203 398 241 delectari
423 202 541 240 facile
566 204 766 254 patiebar,
794 209 838 242 et
873 218 979 243 nune
1015 219 1140 258 angor
1172 208 1286 258 quid·
1299 246 1315 251 ⁷„

98 270 221 308 quam
245 257 320 294 tibi
345 259 431 294 sine
455 269 522 294 me
548 270 635 295 esse
659 258 891 297 iucundum.
943 258 1023 298 Sed
1048 259 1123 298 hoe
1147 266 1293 299 tamen·

98 310 205 348 malo
232 309 339 348 ferre
367 323 439 348 nos
467 311 726 356 desiderium,
758 325 879 362 quam
907 317 951 350 te
978 325 1059 351 non
1089 327 1151 359 ea,
1181 327 1286 366 quae

58 372 79 403 2
97 377 228 414 spero,
254 367 459 414 consequi.
523 364 641 411 Quod
663 378 759 403 vero
790 368 832 402 in
853 365 899 404 C.
924 366 1287 415 Mati-„suavissimi

98 418 399 468 doctissimique
436 417 620 463 hominis,
656 417 974 458 familiaritatem
1011 423 1170 467 venisti,
1206 435 1287 460 non

98 472 176 509 dici
207 477 358 522 potest,
391 484 513 522 quam
545 472 662 510 valde
693 473 923 523 gaudeam3
969 476 1038 524 qui
1069 473 1134 512 fae
1164 480 1212 513 ut
1242 481 1287 514 te

98 539 219 576 quam
257 527 433 563 maxime
469 525 612 576 diligat
680 525 784 564 Mihi
819 527 952 572 crede,
988 527 1086 565 nihil
1122 541 1173 566 ex
1210 531 1288 567 ista

98 581 301 670 provipcia
319 584 451 630 potes,
466 579 575 630 quod
593 579 804 618 iucundius
818 583 885 626 sit,
898 580 1127 632 deportare.
1181 581 1288 620 Cura

98 638 145 671 ut
162 646 212 670 va
229 646 310 671 eas.

646 736 743 774 XVI

413 855 459 881 M.
487 855 625 880 CICERO
652 855 682 881 s.
712 856 752 882 D.
779 856 976 882 TREBATIO

514 937 660 975 Romae.
678 949 784 971 A.u.c.
803 940 880 971 700.

62 1029 79 1062 1
152 1023 200 1060 In
221 1022 330 1074 Equo
356 1021 519 1059 Troiano
539 1024 614 1060 scis
637 1035 724 1060 esse
745 1025 786 1059 in
809 1029 1006 1070 extremo,
1027 1037 1108 1062 sero
1124 1024 1289 1077 sapiunt.

99 1077 160 1114 Tu
188 1082 342 1121 tamen,
365 1078 418 1113 mi
442 1075 589 1121 vetule,
614 1089 696 1114 non
723 1089 826 1114 sero.
880 1076 1032 1115 Primas
1054 1077 1140 1116 illas
1161 1079 1291 1116 rabio-

100 1130 205 1168 sulas
227 1135 291 1168 sat
311 1129 446 1167 fatuas
467 1129 629 1168 dedisti.
683 1129 858 1175 Deinde,
881 1131 990 1181 quod
1016 1133 1058 1168 in
1082 1131 1291 1170 Britannia

101 1198 181 1222 non
199 1186 317 1221 nimis
342 1182 579 1232 φιλοθέωρον
597 1188 641 1221 te
663 1184 899 1233 praebuisti,
917 1184 1038 1234 plane
1058 1198 1136 1223 non
1156 1198 1291 1236 repre—

100 1238 248 1276 hendo,
302 1236 419 1274 Nunc
440 1249 534 1274 vero
556 1239 597 1274 in
618 1236 794 1275 hibernis
815 1239 992 1276 intectus
1013 1238 1111 1276 mihi
1131 1239 1289 1277 videris.

102 1291 249 1343 Itaque
267 1296 311 1328 te
330 1303 582 1328 commovere
600 1304 681 1328 non
699 1303 826 1329 curas.

152 1377 420 1420 Usquequaque
435 1387 559 1419 sapere
574 1380 712 1419 oportet
726 1390 736 1415 ς
766 1376 802 1410 id
817 1378 883 1410 erit
898 1376 1008 1411 telum
1022 1379 1245 1412 acerrimum.

62 1469 83 1501 2
101 1463 190 1514 Ego
219 1465 253 1501 si
283 1461 379 1500 foris
412 1465 647 1508 cenitarem,
674 1461 748 1500 Cn.
776 1462 959 1508 Octavio,
984 1461 1170 1516 familiari
1206 1468 1292 1510 tuo,

149 1613 164 1628 ⁰
190 1607 296 1640 Little
312 1608 340 1640 is
363 1605 495 1639 known
519 1606 559 1639 of
577 1607 710 1639 Matius
729 1606 871 1649 beyond
887 1607 982 1640 what
1002 1618 1055 1640 we
1075 1607 1181 1650 glean
1199 1607 1292 1640 from

107 1651 178 1684 this
203 1651 378 1683 reference
397 1653 434 1682 to
455 1650 540 1688 him,
562 1650 633 1682 and
658 1650 750 1682 from
776 1650 836 1683 the
858 1653 928 1683 two
949 1650 1066 1684 letters
1085 1652 1132 1683 xi.
1154 1653 1198 1683 27
1218 1651 1291 1683 and

107 1697 163 1728 28.
206 1694 273 1727 See
290 1697 372 1726 note
386 1696 424 1726 to
439 1693 499 1726 the
514 1693 645 1725 former
661 1693 772 1725 letter.

144 1738 157 1758 ὃ
180 1736 352 1770 Ascribed
369 1740 406 1769 to
421 1736 508 1769 both
527 1736 646 1768 Livius
668 1735 741 1768 and
766 1735 932 1769 Naevius.
977 1735 1022 1768 In
1037 1740 1184 1769 extremo
1205 1747 1292 1779 may

101 1781 147 1814 be
162 1785 243 1822 part
259 1781 300 1812 of
313 1779 372 1813 the
388 1780 643 1821 quotation—‘⁶
656 1778 756 1811 when
773 1779 820 1811 all
838 1780 866 1811 is
882 1778 1000 1811 over.’'

157 1828 170 1844 ⁶
202 1823 332 1860 Vetula,
348 1823 501 1864 perhaps
516 1821 692 1863 implying
706 1822 783 1854 that
797 1821 982 1854 Trebatius
998 1831 1069 1854 was
1085 1820 1144 1854 old
1162 1820 1218 1854 for
1239 1821 1293 1855 his

109 1877 280 1952 yearsdfr
295 1866 426 1942 ‘singplg
447 1876 487 1899 as
508 1876 532 1898 a
552 1868 642 1898 term
665 1864 705 1897 of
723 1864 964 1904 endearment,
979 1863 1053 1897 like
1073 1875 1155 1897 mon
1176 1865 1291 1898 vieuae.

248 1933 256 1942 .
273 1920 332 1942 vu.
373 1933 382 1941 .
423 1931 434 1943 .

114 1967 165 2001 48

1423 294 1430 327 ¹⁴
1415 220 1423 224 Ι
1415 107 1421 121 ,,
1413 0 1419 82 ᾸΧ.Α..
