1448 2236
672 59 875 99 CICERO

177 163 327 211 primus
350 163 533 200 invectus
557 167 622 200 est
644 162 752 200 nullo
777 166 1039 209 assentiente,
1063 177 1138 203 nec
1160 164 1272 210 mihi,
1296 165 1364 216 qui

176 215 286 253 idem
307 217 508 254 tricesimo
529 221 622 266 post
643 216 710 254 die
731 215 823 262 feei,
844 230 920 255 nec
942 217 987 255 P.
1009 217 1187 263 Servilio,
1209 220 1278 269 qui
1299 231 1366 256 me

178 274 241 306 est
254 274 507 314 consecutus,
522 275 614 308 tuto
627 272 670 307 in
683 276 872 308 senatum
886 273 1023 309 venire
1036 270 1146 310 licet.
1188 270 1366 309 Caedem

178 324 285 359 enim
317 322 518 373 gladiator
549 326 709 374 quaerit
741 326 907 375 eiusque
939 327 1099 362 initium
1131 338 1168 362 a.
1200 325 1242 363 d.
1274 336 1366 362 xm.

179 375 353 414 Kalend.
368 375 515 414 Octob.
531 389 555 414 a
568 389 635 415 me
650 390 694 415 se
713 376 915 415 facturum
933 380 1106 428 putavit.
1158 378 1225 416 Ad
1244 391 1366 428 quem

176 434 342 479 paratus
363 435 546 475 venerat,
567 443 659 468 cum
678 433 721 468 in
742 430 834 468 villa
855 430 1016 469 Metelli
1035 430 1259 481 complures
1279 431 1365 470 dies

176 488 473 526 commentatus
506 484 639 522 esset!
694 483 810 531 Quae
843 490 982 523 autem
1011 487 1054 522 in
1083 484 1217 522 lustris
1250 490 1294 523 et
1323 486 1365 522 in

177 538 267 574 vino
288 539 577 575 commentatio
598 540 733 587 potuit
754 551 842 576 esse
859 539 875 575 ?
929 538 1076 589 Itaque
1097 538 1281 576 omnibus
1302 543 1366 576 eet

176 592 295 634 visus,
320 595 368 628 ut
390 590 443 628 ad
466 595 509 628 te
534 596 658 628 antea
680 593 830 641 scripsi,
855 604 1016 629 vomere
1040 604 1112 630 suo
1135 604 1261 636 more,
1284 603 1366 628 non

136 647 157 678 2
176 643 324 681 dicere.
377 642 527 690 Quare,
543 644 652 695 quod
668 645 818 689 scribis,
834 650 878 683 te
891 645 1107 690 confidere,
1123 646 1364 682 auctoritate

178 703 222 736 et
250 698 483 748 eloquentia
510 702 648 734 nostra
675 697 827 748 aliquid
853 697 991 747 profici
1017 710 1149 747 posse,
1176 697 1368 743 nonnihil,

178 757 226 789 ut
253 754 295 789 in
323 753 448 788 tantis
477 750 606 796 malis,
630 756 693 788 est
720 749 960 801 profectum.
1026 750 1236 802 Intellegit
1261 754 1369 789 enim

178 805 348 856 populus
378 804 581 842 Romanus
604 809 687 842 tres
711 817 799 842 esse
822 804 1067 850 consulares,
1089 807 1172 855 qui,
1195 807 1289 855 quia
1316 805 1368 843 de

176 859 382 910 republica
410 859 515 896 bene
543 860 757 903 senserint,
780 858 906 896 libere
935 858 1059 896 locuti
1088 861 1183 904 sint,
1205 864 1298 897 tuto
1325 860 1369 896 in

178 918 365 951 senatum
383 916 518 951 venire
536 927 616 951 non
632 916 799 964 possint.
852 913 937 951 Nec
955 919 1018 952 est
1033 919 1247 964 praeterea
1262 912 1371 963 quod

179 966 399 1017 quidquam
426 972 651 1017 exspectes.
702 967 812 1005 Tuus
838 970 947 1005 enim
971 969 1218 1005 necessarius
1244 966 1369 1003 affini-

179 1025 267 1058 tate
289 1033 393 1058 nova
413 1019 654 1059 delectatur.
708 1020 855 1071 Itaque
876 1023 958 1058 iam
980 1033 1061 1058 non
1083 1026 1147 1058 est
1167 1020 1368 1058 studiosus

180 1072 366 1111 ludorum
399 1073 639 1125 infinitoque
673 1072 807 1112 fratris
845 1076 906 1112 tui
939 1073 1083 1124 plausu
1116 1074 1370 1123 dirumpitur.

179 1126 298 1164 Alter
312 1129 414 1165 item
432 1127 558 1165 affinis
576 1129 687 1165 novis
704 1121 1202 1165 commentariis'Caesaris
1219 1125 1370 1164 deleni-

179 1185 245 1218 tus
270 1185 346 1218 est.
399 1179 479 1219 Sed
503 1181 603 1218 haec
626 1180 879 1225 tolerabilia;
916 1180 1015 1219 illud
1038 1193 1119 1218 non
1141 1179 1368 1223 ferendum,

179 1233 287 1284 quod
323 1239 399 1279 est,
436 1236 504 1285 qui
540 1240 673 1272 vestro
710 1248 814 1272 anno
851 1234 976 1272 filium
1011 1247 1129 1272 suum
1164 1231 1368 1271 consulem

229 1390 244 1406 ‘¹
270 1386 311 1419 L.
329 1386 542 1428 Calpurnius
559 1386 652 1425 Piso,
669 1386 922 1420 father-in-law
937 1386 979 1420 of
991 1386 1133 1420 Cacsar.

231 1428 244 1448 δ
270 1429 309 1462 Ρ.
328 1429 495 1463 Servilius
511 1429 583 1462 had
600 1430 689 1463 been
706 1430 829 1463 consul
845 1431 881 1463 in
897 1432 953 1463 48.

232 1476 245 1492 ⁶
271 1472 436 1505 Metellus
472 1472 592 1514 Scipio
627 1483 699 1506 was
733 1472 987 1506 father-in-law
1021 1472 1062 1505 of
1094 1472 1265 1514 Pompey.
1312 1469 1369 1502 He

182 1513 350 1548 drowne‘d
372 1515 516 1548 himself
534 1516 624 1548 after
645 1516 706 1549 the
726 1516 838 1549 battle
859 1516 900 1549 of
916 1516 1091 1558 Thapsus.
1139 1515 1206 1548 His
1227 1512 1311 1547 villa
1332 1515 1370 1545 at

181 1557 294 1591 Tibur
308 1557 380 1591 had
397 1558 486 1591 been
503 1558 618 1591 seized
634 1559 683 1601 by
700 1559 859 1601 Antony.

229 1601 245 1620 ‘¹
268 1601 337 1640 220..
355 1601 448 1640 Piso,
465 1600 644 1640 Servilius,
661 1601 734 1634 and
751 1601 872 1635 Cicero
889 1600 1040 1634 himself.

231 1649 245 1665 ⁸
267 1644 321 1677 M.
347 1643 516 1686 Lepidus,
540 1644 620 1677 who
644 1644 716 1677 had
746 1644 898 1677 married
926 1644 1048 1682 Junia‚
1072 1654 1095 1676 a
1119 1642 1309 1676 half-sister
1331 1639 1370 1673 of

185 1686 238 1720 Μ.
259 1687 402 1726 Brutus,
420 1686 523 1720 while
541 1686 682 1720 Cassius
700 1687 772 1719 had
791 1686 943 1720 married
960 1687 1119 1720 another.
1168 1685 1261 1718 Both
1279 1693 1368 1716 were

183 1729 377 1772 daughters
387 1729 427 1763 of
433 1731 478 1763 D.
490 1730 644 1768 Silanus,
653 1729 777 1762 consul
787 1731 823 1762 in
834 1732 889 1768 62,
900 1729 972 1762 and
982 1729 1141 1763 Servilia.
1176 1728 1219 1761 In
1228 1728 1368 1768 writing

183 1776 221 1806 to
237 1773 379 1806 Cassius
395 1773 516 1806 Cicero
533 1772 630 1806 often
645 1772 753 1806 refers
767 1775 805 1805 to
822 1772 978 1814 Lepidus
993 1783 1032 1805 as
1049 1775 1130 1805 tuus
1145 1771 1287 1813 adfinis.

229 1817 245 1839 s
268 1816 310 1848 L.
327 1815 480 1854 Cassius,
497 1816 577 1848 who
592 1826 664 1849 was
681 1815 857 1857 probably
873 1814 1020 1848 cheered
1035 1825 1083 1847 on
1097 1817 1249 1847 account
1262 1812 1303 1846 of
1314 1812 1368 1844 his

185 1858 413 1910 relationship
430 1862 467 1891 to
483 1859 543 1892 the
561 1858 756 1897 Liberator,
774 1858 888 1891 which
905 1869 996 1901 gave
1012 1857 1134 1891 Cicero
1151 1855 1367 1890 satisfaction

184 1901 541 1978 (Affltgiguzcgtain
556 1944 636 1977 who
650 1946 679 1977 is
695 1947 834 1982 meant;
854 1954 951 1977 some
965 1954 1030 1986 say
1042 1941 1239 1980 Dolabella,
1251 1941 1368 1975 others

185 2000 260 2033 522
