1448 2236
680 67 881 108 CICERO

750 205 787 244 V

601 314 740 339 CICERO
767 314 915 340 PLANCO
941 314 974 342 S.

598 388 745 428 Romae,
762 399 868 423 aas-c.
886 392 964 423 711.

147 479 163 510 1
235 473 355 512 Binas
380 487 404 511 a
427 479 471 512 te
497 477 633 525 accepi
657 474 815 513 litteras
841 474 986 514 eodem
1011 474 1226 526 exemp103
1264 473 1372 526 quod

182 546 315 595 ipsum
338 550 579 595 argumento
602 544 699 582 mihi
723 543 802 583 fuit
825 545 1062 596 diligentiae
1082 550 1194 584 tuae.
1248 544 1373 583 Intel-

182 613 264 652 lexi
280 616 388 652 enim
403 620 446 652 te
461 614 659 660 laborare,
674 620 721 653 ut
737 615 789 653 ad
803 628 870 653 me
885 615 983 652 mihi
999 617 1372 666 exspectatissimae

181 684 345 723 litterae
359 683 651 735 perferrentur.
705 685 767 723 Ex
785 686 929 736 quibus
945 688 1035 736 cepi
1051 684 1227 724 fructum
1243 684 1372 735 dupli-

181 768 271 793 cem
295 755 475 806 mihique
499 757 542 793 in
566 758 868 806 comparatione
892 756 1093 794 difficilem
1118 755 1171 794 ad
1194 755 1371 793 iudican-
1443 779 1448 782 <

182 825 293 871 dum,
333 839 565 864 amoremne
606 839 704 877 erga
741 839 808 864 me
846 832 979 872 tuum,
1018 839 1071 864 an
1110 828 1288 864 animum
1327 827 1370 864 in

181 896 471 946 rempublicam
519 896 644 947 pluris
695 896 991 934 aestimandum
1039 901 1242 947 putarem.
1293 895 1370 934 Est

181 969 343 1004 omnino
362 969 520 1017 patriae
539 969 685 1005 caritas
704 980 796 1005 meo
816 967 980 1018 quidem
999 967 1145 1005 iudicio
1163 968 1369 1011 maxima3

180 1036 254 1075 sed
279 1050 390 1075 amor
414 1037 716 1088 voluntatisque
741 1039 968 1075 coniunctio
991 1036 1083 1087 plus
1106 1042 1219 1075 certe
1242 1035 1369 1074 habet

180 1109 404 1145 suavitatis.
499 1107 646 1158 Itaque
688 1109 1017 1146 commemoratio
1057 1112 1132 1146 tua
1170 1111 1369 1158 paternae

180 1177 486 1216 necessitudinis
507 1177 899 1228 benevolentiaeque
921 1180 1020 1223 eius,
1042 1190 1164 1228 quam
1185 1189 1283 1228 erga
1301 1188 1367 1214 me

181 1261 206 1285 a
224 1250 400 1298 pueritia
420 1248 670 1293 contulisses,
691 1253 1000 1298 ceterarumque
1019 1260 1168 1292 rerum,
1189 1259 1295 1298 quae
1316 1245 1368 1284 ad

182 1331 272 1355 eam
322 1320 570 1356 sententiam
618 1318 895 1368 pertinebant,
944 1317 1221 1355 incredibilem
1268 1315 1367 1353 mihi

141 1393 161 1424 2
179 1388 381 1426 laetitiam
414 1388 654 1426 attulerunt.
707 1387 858 1426 Rursus
889 1387 1108 1426 declaratio
1140 1388 1263 1425 animi
1291 1387 1367 1431 tui,

181 1471 303 1510 quem
345 1458 515 1496 haberes
557 1458 610 1496 de
650 1458 871 1508 republica,
912 1470 1116 1509 quemque
1157 1456 1366 1495 habiturus

182 1541 304 1573 esses,
338 1528 437 1565 mihi
472 1534 560 1566 erat
594 1528 905 1573 iucundissima3
955 1540 1086 1578 eoque
1118 1529 1246 1565 maior
1279 1531 1368 1565 erat

181 1598 282 1636 haec
322 1598 494 1642 laetitia,
536 1598 645 1648 quod
686 1598 739 1636 ad
778 1598 846 1635 illa
887 1600 1093 1649 superiora
1133 1597 1365 1635 accedebat.

184 1668 331 1719 Itaque
358 1674 402 1706 te
430 1682 511 1706 non
539 1668 677 1706 hortor
704 1668 847 1713 solum,
874 1670 929 1705 mi
958 1667 1120 1713 Plance,
1146 1667 1220 1706 sed
1246 1666 1367 1717 plane

183 1741 307 1777 etiam
329 1752 412 1784 oro,
435 1738 544 1789 quod
565 1737 644 1776 feci
666 1738 726 1776 his
747 1738 908 1783 litteris,
930 1738 1075 1788 quibus
1097 1742 1144 1776 tu
1165 1737 1367 1775 humanis-

181 1811 282 1847 sime
319 1809 576 1860 respondisti,
614 1814 662 1847 ut
702 1813 792 1846 tota
831 1813 972 1846 mente
1013 1810 1203 1858 omnique
1245 1809 1365 1845 animi

180 1881 339 1930 impetu
363 1881 406 1917 in
431 1878 721 1930 rempublicam
747 1879 967 1916 incumbas.
1021 1877 1130 1916 Nihil
1157 1883 1233 1923 est,
1258 1876 1367 1928 quod
1439 1859 1445 1902 Ῐ

181 1949 256 1987 tibi
281 1951 421 1987 maiori
445 1948 594 1987 fructui
618 1948 851 2000 gloriaeque
877 1961 964 1987 esse
988 1950 1129 1999 possit,
1152 1960 1228 1986 nec
1252 1946 1367 1998 quid-

188 2016 265 2048 304
