1448 2236
691 72 892 112 CICERO

197 189 320 214 unam
341 189 471 222 suam,
494 176 666 215 alteram
688 176 826 222 Silani,
849 182 1190 229 evocatorumque
1209 183 1384 229 partem.

199 229 266 267 Ita
288 230 448 268 obviam
471 233 585 269 venit
606 231 737 276 nobis,
760 231 870 281 quod
892 244 965 270 nos
988 237 1183 282 quattuor
1202 231 1384 283 legiones

195 286 373 321 tironum
391 283 544 322 habere
562 284 691 322 solum
711 285 997 324 arbitrabatur.
1048 284 1131 324 Sed
1148 290 1285 331 noctu,
1304 298 1384 336 quo
1445 329 1448 332 Α

195 340 325 375 tutius
344 339 483 376 venire
500 340 543 376 in
561 343 695 376 castra
712 351 935 389 possemus,
952 338 1156 390 legionem
1176 338 1384 384 Martiam,

195 393 260 428 cui
278 404 354 442 ego
369 404 559 442 praeesse
575 391 769 437 solebam,
787 397 831 430 et
846 391 946 430 duas
962 391 1148 431 cohortes
1162 395 1384 443 praetorias

156 449 178 481 2
196 447 364 483 miserat
403 444 560 483 Hirtius
599 446 728 484 nobis.
781 445 885 483 Cum
925 448 1083 497 equites
1122 446 1277 485 Antoni
1315 459 1385 496 ap·

194 501 438 549 paruissent,
463 501 662 538 contineri
686 512 822 550 neque
846 499 955 551 legio
982 499 1137 538 Martia
1161 512 1296 550 neque
1320 512 1385 538 co-

195 551 332 591 hortes
359 555 589 603 praetoriae
615 558 867 604 potuerunt;
910 566 1011 604 quas
1037 555 1153 604 sequi
1179 555 1384 604 coepimus

193 609 339 652 coacti,
369 607 532 657 quando
558 620 626 644 eas
657 609 835 645 retinere
865 620 947 645 non
972 612 1249 657 potueramus.

194 662 330 698 tonius
357 660 411 698 ad
438 660 587 699 Forum
609 659 816 698 Gallorum
844 673 937 699 suas
959 663 1094 711 copias
1120 660 1384 705 continebat3

195 726 330 764 neque
366 716 456 752 sciri
493 714 657 752 volebat
693 727 738 752 se
773 714 955 765 legiones
990 713 1171 759 habere3
1221 719 1384 752 tantum

194 770 425 818 equitatum
439 773 483 806 et
497 767 631 806 levem
648 773 894 806 armaturam
910 767 1167 806 ostendebat.
1220 766 1385 806 Postea-
1446 799 1448 801 .

194 834 318 871 quam
342 821 458 866 vidit,
483 835 527 859 se
551 824 694 866 invito,
717 821 922 872 legionem
945 823 1019 866 ire,
1044 820 1177 859 Pansa
1199 823 1315 872 sequi
1339 834 1384 859 se

195 875 297 913 duas
330 874 512 926 legiones
548 877 665 913 iussit
706 877 896 913 tironum.
951 874 1099 913 Postea
1131 888 1228 913 vero
1261 887 1384 925 quam

194 931 402 980 angustias
426 928 584 979 paludis
611 934 655 966 et
679 928 868 966 silvarum
892 930 1164 974 transivimus,
1188 930 1295 966 aciae
1320 933 1384 966 est

154 987 176 1020 3
195 984 394 1021 instructa
432 995 457 1020 a
496 982 611 1020 nobis
650 982 865 1020 duodecim
903 981 1141 1020 cohortium.
1194 981 1384 1020 Nondum

194 1041 392 1074 venerant
410 1035 591 1086 legiones
612 1035 719 1074 duae
735 1048 747 1081 ;
779 1041 952 1086 repente
971 1035 1174 1074 Antonius
1192 1037 1236 1073 in
1254 1037 1383 1073 aciem

194 1103 286 1128 suas
308 1092 443 1140 copias
465 1090 518 1128 de
540 1092 627 1127 vico
648 1089 841 1140 produxit
864 1095 907 1127 et
928 1091 1015 1127 sine
1035 1102 1150 1127 mora
1169 1090 1381 1127 concurrit.

1434 914 1448 1120 *nnuma—³24..
1445 863 1448 866 .

194 1143 329 1182 Primo
358 1146 420 1182 ita
447 1148 677 1194 pugnatum
708 1148 785 1189 est,
816 1148 864 1181 ut
893 1145 1022 1181 acrius
1051 1156 1133 1181 non
1162 1147 1301 1193 posset
1330 1155 1382 1180 ex
1438 1173 1440 1175 >

194 1202 368 1248 utraque
403 1202 523 1247 parte
558 1199 759 1247 pugnari;
810 1198 888 1235 etsi
923 1196 1131 1235 dexterius
1166 1209 1304 1241 cornu,
1339 1198 1381 1233 in
1436 1194 1439 1195 ⁷

193 1263 275 1302 quo
312 1264 423 1289 eram
459 1263 552 1288 cum
590 1250 768 1288 Martiae
803 1249 973 1300 legionis
1009 1249 1240 1288 cohortibus
1275 1254 1381 1294 octo,

243 1406 258 1422 ⁰
284 1401 337 1434 M.
367 1401 498 1434 Junius
528 1399 683 1437 Silanus.
713 1411 778 1433 son
807 1399 848 1433 of
874 1400 918 1432 D.
950 1399 1092 1433 Silanus
1119 1399 1193 1432 and
1222 1398 1380 1438 Servilia,

195 1444 316 1478 Cato’s
339 1446 452 1482 sister,
476 1443 595 1476 whose
618 1443 694 1476 first
717 1442 883 1476 husband
906 1453 980 1475 was
1005 1442 1059 1476 M.
1083 1442 1214 1476 Junius
1238 1442 1379 1481 Brutus,

194 1487 245 1530 by
268 1487 386 1520 whom
409 1487 472 1520 she
494 1486 640 1520 became
664 1486 724 1519 the
747 1486 885 1519 mother
908 1485 949 1519 of
970 1485 1024 1519 M.
1050 1485 1192 1525 Brutus,
1216 1485 1277 1519 the
1298 1495 1381 1519 oon—

194 1533 356 1606 spl’rqlt'hle
371 1572 529 1605 Martian
544 1571 663 1614 legion
674 1582 745 1605 was
761 1583 807 1605 on
822 1571 892 1604 this
908 1572 1069 1605 ooeasion
1080 1570 1314 1604 commanded
1330 1571 1380 1613 by

196 1616 242 1650 D.
266 1615 488 1654 Carfulenus,
508 1615 589 1648 who
611 1614 670 1648 feu
693 1617 730 1648 in
751 1615 811 1648 the
831 1614 943 1647 battle
963 1614 1034 1657 (33.
1051 1614 1100 1655 4).
1143 1613 1178 1647 It
1199 1615 1228 1647 is
1251 1615 1379 1647 notice-

198 1658 278 1711 able
293 1659 371 1692 that
390 1658 518 1697 Galba,
534 1657 710 1701 probably
723 1659 817 1690 from
832 1659 952 1700 pique,
969 1656 1092 1690 makae
1109 1667 1155 1690 no
1170 1659 1326 1690 mention
1340 1658 1381 1691 of

198 1703 373 1779 hungow
384 1744 502 1778 castel
513 1744 661 1783 Franco,
673 1744 784 1777 about
802 1746 843 1776 10
854 1742 954 1777 miles
964 1743 1161 1776 south-east
1171 1743 1211 1776 of
1224 1743 1378 1782 Mutina,

194 1800 241 1823 on
257 1789 318 1822 the
332 1787 510 1822 Aemilian
527 1787 640 1820 Road.
1396 1817 1401 1819 Δ

241 1831 257 1852 ‘¹
279 1833 347 1870 Le„
363 1842 410 1864 on
425 1831 536 1864 either
549 1829 626 1863 side
640 1831 682 1864 of
692 1829 753 1863 the
767 1829 838 1863 Via
852 1828 1005 1862 Aemilia
1018 1829 1109 1862 from
1126 1829 1328 1862 Ariminum
1341 1832 1379 1862 to

197 1875 387 1926 Placentia,
405 1874 486 1907 here
502 1885 524 1907 a
540 1872 654 1907 raised
669 1883 854 1915 causeway
865 1874 1021 1915 running
1034 1882 1150 1905 across
1164 1871 1225 1904 the
1236 1872 1378 1915 marshy

195 1917 423 2002 plffffintony
439 1970 510 1993 was
533 1958 762 2001 numerieally
782 1959 922 2002 superlo'
923 1969 941 1991 r
961 1959 998 1991 in
1019 1957 1106 1991 each
1128 1957 1169 1991 of
1193 1957 1254 1991 the
1281 1957 1378 1991 three

197 2016 275 2056 394
