1448 2236
674 63 876 102 CICERO

177 169 361 212 occurrit,
393 167 491 218 quid
522 168 706 206 scribam.
760 168 927 207 Nostras
960 171 1068 208 enim
1098 183 1163 209 res
1194 173 1236 208 in
1267 174 1366 210 actis

176 235 345 287 perferri
376 237 429 275 ad
459 242 502 275 te
533 243 645 276 certo
676 241 785 283 scio;
830 244 922 277 tuas
953 245 1093 278 autem
1122 243 1366 292 ignoramus.

176 306 401 358 Tamquam
421 309 529 345 enim
548 307 683 345 clausa
700 310 754 346 sit
772 308 883 354 Asia,
903 311 958 347 sic
977 309 1076 347 nihil
1093 309 1296 360 perfertur
1315 312 1368 350 ad

178 389 248 414 nos
266 382 430 427 praeter
446 390 625 415 rumores
644 378 696 416 de
714 391 904 428 oppresso
923 378 1148 425 Dolabella,
1165 383 1263 419 satis
1279 380 1364 420 illos

136 450 157 482 2
176 447 340 497 quidem
372 452 618 492 constantes,
651 447 724 485 sed
756 448 887 486 adhuc
918 451 1005 487 sine
1038 455 1216 488 auctore.
1269 450 1364 497 Nos,

174 515 405 554 confectum
423 516 575 555 bellum
595 531 686 555 cum
705 523 956 568 putaremus,
975 508 1146 569 repente
1167 533 1192 557 a
1211 519 1365 571 Lepido

174 591 246 624 tuo
269 589 311 624 in
334 600 534 624 summam
557 586 866 626 sollicitudinem
890 588 1055 627 adducti
1078 602 1229 628 sumus.
1283 590 1365 628 Ita-

175 670 254 707 que
277 656 476 707 persuade
499 657 587 702 tibi,
610 657 830 695 maximam
852 657 1097 708 reipublicae
1120 672 1235 709 spem
1256 662 1299 697 in
1320 665 1364 698 te

174 732 218 765 et
231 729 274 764 in
288 729 368 765 tuis
383 730 506 778 copiis
523 740 624 765 esse.
679 727 831 765 Firmos
847 730 1009 766 omnino
1025 731 1226 767 exereitus
1242 730 1364 768 habe-

173 810 261 835 mus
279 809 290 842 ;
326 797 399 835 sed
420 803 575 842 tamen,
597 803 644 835 ut
666 800 815 843 omnia,
837 804 885 836 ut
906 811 1038 849 spero,
1059 812 1251 849 prospere
1272 813 1363 850 pro-

172 867 334 912 cedant,
346 867 520 905 multum
533 870 705 906 interest
717 873 760 906 te
774 871 924 906 venire.
977 868 1138 920 Exigua
1150 871 1258 907 enim
1271 883 1362 920 spes

173 943 236 975 est
256 937 500 988 reipublicae
519 950 528 975 ε
564 951 659 975 nam
680 937 832 975 nullam
854 951 935 976 non
954 937 1056 976 libet
1077 939 1211 977 dicere
1229 952 1239 977 :
1274 940 1361 986 sed,

124 1006 125 1009 ’
172 1021 451 1059 quaecumque
469 1013 544 1053 est,
562 1021 611 1046 ea
627 1008 903 1058 despondetur
918 1022 1024 1047 anno
1039 1009 1270 1047 consulatus
1286 1013 1360 1049 tui.

170 1077 284 1117 Vale.

745 1164 784 1203 X

504 1272 550 1298 Μ.
569 1273 607 1298 Τ.
626 1273 648 1298 C
679 1273 711 1298 S.
730 1273 768 1298 P.
787 1273 827 1298 D.
846 1274 881 1299 C.
899 1273 1028 1299 CASSIO

585 1347 732 1386 Romae,
750 1358 856 1380 ,ms-c.
874 1349 952 1380 711.

134 1430 150 1462 1
223 1424 414 1475 Lepidus,
440 1430 534 1462 tuus
561 1424 701 1470 affinis,
727 1437 841 1462 meus
867 1422 1086 1470 familiaris,
1111 1425 1240 1475 pridie
1268 1424 1360 1463 Kal.

172 1495 372 1542 Quintiles
389 1497 601 1532 sententiis
618 1495 803 1532 omnibus
819 1494 944 1532 hostis
962 1508 986 1532 a
1001 1500 1147 1532 senatu
1161 1495 1359 1533 iudicatus

172 1571 235 1604 est
249 1567 470 1615 ceterique,
483 1567 551 1615 qui
565 1577 644 1601 una
655 1577 746 1601 cum
762 1564 828 1601 illo
843 1578 867 1601 a
881 1563 1086 1614 republica
1098 1563 1336 1603 defecerunt
1349 1577 1360 1610 ;

172 1636 316 1686 quibus
357 1640 498 1673 tamen
539 1634 591 1672 ad
631 1636 849 1671 sanitatem
891 1634 1088 1672 redeundi
1129 1639 1224 1672 ante
1269 1634 1359 1672 Kal.

171 1705 380 1756 Septemb.
411 1709 592 1755 potestas
622 1702 732 1741 facta
763 1709 838 1741 est.
893 1703 1022 1741 Fortis
1052 1716 1150 1741 sane
1181 1709 1359 1749 senatus,

171 1776 244 1814 sed
270 1777 446 1813 maxime
475 1787 546 1825 spe
574 1773 724 1812 subsidi
751 1776 825 1811 tui.
878 1773 1035 1811 Bellum
1062 1773 1240 1824 quidem,
1268 1786 1359 1811 cum

171 1845 271 1883 haec
285 1845 522 1891 scribebam,
537 1857 633 1882 sane
647 1857 839 1895 magnum
854 1849 955 1888 erat,
970 1842 1120 1881 scelere
1135 1848 1179 1881 et
1191 1842 1358 1881 levitate

563 1944 579 1960 ⁸
604 1939 670 1972 See
687 1941 769 1971 note
783 1948 801 1971 e
818 1949 864 1971 on
880 1940 913 1971 2,
929 1940 965 1972 2.

176 1996 252 2030 540
