1448 2236
668 41 870 80 CICERO

169 148 256 185 sine
279 146 457 197 periculo
481 145 616 184 facere
639 159 773 197 posse,
796 145 839 184 Si
863 144 1036 184 bonorum
1065 143 1258 206 Turpiliae
1274 156 1364 196 poa·-

169 200 366 238 sessionem
391 200 438 243 Q.
469 200 605 252 Caepio
625 205 776 252 praetor
800 213 845 237 ex
868 198 984 237 edicto
1007 211 1075 237 suo
1098 197 1189 236 malli
1211 197 1361 243 dederit,

169 267 321 305 negare
345 255 482 292 aiebat
504 253 701 299 Servium,
723 252 883 291 tabulas
906 254 1144 291 testamenti
1169 264 1257 290 esse
1280 264 1362 297 eas,

169 321 270 359 quas
302 310 546 346 instituisset
577 310 625 353 is,
658 310 727 358 qui
759 306 978 345 factionem
1010 307 1250 344 testamenti
1281 318 1362 343 non

169 361 386 407 habuerit3
443 361 519 400 hoc
560 361 670 400 idem
713 360 878 399 Ofilium
920 360 1082 405 dicere3
1138 365 1276 397 tecum
1317 371 1361 396 se

168 414 350 453 locutum
378 415 572 466 negabat,
601 428 750 466 meque
779 417 950 465 rogavit,
979 419 1027 452 ut
1054 426 1098 451 se
1128 418 1172 451 et
1199 425 1362 451 causam

169 481 284 507 suam
304 469 380 507 tibi
399 469 740 507 commendarem.
794 468 879 506 Nec
898 470 958 506 vir
977 466 1130 512 melior,
1151 469 1206 504 mi
1224 466 1361 510 Testa,

169 535 244 560 nec
275 522 372 560 mihi
402 525 566 560 amicior
596 522 642 561 P.
673 522 767 560 Silio
798 524 1012 573 quisquam
1042 526 1119 566 est,
1148 525 1193 558 te
1222 525 1363 558 tamen

170 581 357 627 excepto.
411 576 695 614 Gratissimum
713 578 838 626 igitur
855 575 953 613 mihi
970 574 1128 619 feceris,
1146 575 1180 612 si
1197 573 1250 612 ad
1269 586 1362 610 eum

169 629 275 667 ultro
298 632 455 668 veneris
479 633 598 681 eique
620 629 820 680 pollicitus
844 632 920 667 eris
938 641 948 674 ;
985 628 1071 674 sed,
1093 630 1127 665 si
1147 640 1215 665 me
1237 640 1361 671 amas,

168 696 291 734 quam
326 686 515 735 primum.
569 684 657 722 Hoc
693 689 737 722 te
773 682 1038 722 vehementer
1075 683 1199 720 etiam
1235 685 1360 732 atque

169 740 295 775 etiam
312 751 424 789 rogo.

704 865 825 903 XXII

521 973 660 999 mel-:no
685 972 883 999 TREBATIO
909 972 941 999 s.
969 972 1009 999 n.

633 1056 741 1089 Anno
757 1057 901 1089 incerto.

222 1140 408 1179 Illuseras
437 1140 525 1179 heri
555 1143 661 1179 inter
691 1140 875 1192 scyphos,
906 1138 1015 1191 quod
1043 1139 1239 1183 dixeram,
1267 1150 1361 1175 con-

169 1198 406 1233 troversiam
431 1208 532 1240 esse,
556 1199 748 1245 possetne
772 1194 904 1239 heres,
928 1193 1037 1244 quod
1059 1192 1214 1230 furtum
1238 1196 1361 1229 antea

169 1248 324 1286 factum
344 1254 464 1294 esset,
483 1254 595 1286 recte
613 1247 711 1286 furti
730 1260 866 1299 agere.
921 1247 1082 1297 Itaque,
1101 1247 1178 1284 etsi
1195 1245 1360 1283 domum

170 1303 276 1340 bene
303 1308 424 1353 potus
452 1315 623 1353 seroque
650 1302 863 1346 redieram,
891 1306 1033 1339 tamen
1058 1300 1101 1338 id
1127 1303 1264 1350 caput,
1291 1298 1360 1335 ubi

170 1356 270 1395 haee
308 1358 579 1394 controversia
617 1361 693 1401 est,
731 1357 882 1400 notavi,
921 1359 964 1392 et
1001 1353 1248 1404 descriptum
1286 1351 1360 1389 tibi

170 1413 258 1448 misi
277 1422 287 1455 ;
316 1415 364 1448 ut
378 1412 511 1455 scires,
525 1410 581 1455 id,
596 1409 705 1460 quod
719 1415 766 1447 tu
780 1410 986 1446 neminem
999 1409 1170 1445 sensisse
1185 1405 1360 1450 dicebas,

170 1463 263 1502 Sex.
297 1463 473 1509 Aelium,
508 1462 583 1501 M'.
618 1462 845 1507 Manilium,
880 1461 940 1499 M.
973 1461 1145 1499 Brutum
1176 1461 1359 1498 sensisse.

170 1517 258 1569 Ego
277 1522 418 1555 tamen
436 1516 652 1555 Scaevolae
672 1522 714 1554 et
732 1517 880 1554 Testae
899 1517 1108 1553 assentior.

219 1668 234 1683 ⁶
258 1662 291 1694 A
318 1662 447 1695 formal
473 1664 678 1703 agreement
705 1660 810 1694 made
836 1660 886 1702 by
914 1659 1021 1694 Silius
1047 1658 1143 1701 (who
1169 1657 1241 1691 had
1268 1657 1358 1690 been

173 1705 324 1747 granted
359 1705 574 1747 provisional
610 1706 809 1746 possession
846 1703 886 1736 of
919 1703 980 1736 the
1016 1701 1140 1742 estate)
1177 1700 1263 1733 with
1299 1700 1359 1733 the

174 1751 337 1782 intestate
351 1749 437 1787 heir,
453 1748 533 1780 who
548 1758 619 1780 was
635 1747 813 1788 naturally
828 1746 1013 1788 disputing
1026 1745 1087 1778 the
1102 1744 1183 1777 will.
1231 1743 1360 1785 Begin-

175 1794 263 1849 ‘ning
279 1803 319 1826 as
339 1792 463 1829 above,
480 1793 507 1824 it
524 1790 639 1824 ended
655 1790 814 1841 with-the
832 1789 947 1822 words
965 1788 1160 1863 darefmihi
1180 1786 1329 1838 spondes
1342 1787 1359 1818 ?

172 1836 265 1912 δαῒ
276 1833 676 1912 Ξὲἓῑὲξὲἔεὲἓὲἷὲῗῗῗ
677 1844 698 1866 ⁰
708 1832 1359 1909 ῗξζῗιῐῗῗιέἕεῖἷᾶἶὶιῗεεῖἓέρέἓέἓῗῖἒὲ

172 1922 347 1963 εροηάεος
378 1921 522 1954 whence
538 1921 599 1954 the
615 1923 705 1954 term
723 1919 863 1961 sponsio
881 1917 935 1950 for
953 1917 1040 1951 such
1057 1918 1336 1958 anagreement.

176 1973 227 2012 64
