1448 2236
692 62 894 103 CICERO

192 168 409 215 potestatem
426 164 584 204 habeant
600 166 844 205 intercedendi
860 166 1080 219 impediendi
1096 180 1236 206 moram
1253 167 1387 220 afferre

197 239 375 285 oportere,
391 248 464 287 quo
480 235 601 274 minus
616 236 662 274 de
675 250 708 275 r.
720 250 763 289 p.
775 250 818 288 p.
833 250 867 276 r.
883 250 920 289 q.
932 246 976 289 p.
993 237 1044 276 ad
1058 242 1224 276 senatum
1237 236 1386 290 referri,
1407 230 1416 239 ⁸

197 304 387 356 senatique
421 305 624 344 consultum
646 306 742 358 fieri
771 306 905 359 possit.
957 306 1034 352 Qui
1067 307 1271 360 impedierit
1297 319 1387 360 pro-

198 373 366 421 hibuerit,
403 389 484 414 eum
521 382 686 415 senatum
723 377 932 416 existimare
967 382 1094 416 contra
1128 376 1386 430 rempublicam
1424 364 1427 371 ἶ

187 443 345 495 fecisse.
398 445 441 484 Si
464 445 550 498 quis
574 446 658 485 huic
682 460 714 486 s.
740 461 772 486 c.
798 447 1051 494 intercesserit,
1077 447 1220 486 senatui
1238 447 1387 500 placere
1423 457 1426 459 ’

198 515 447 554 auctoritatem
470 516 651 568 perscribi
678 521 712 555 et
739 517 786 555 de
812 531 857 556 ea
884 530 926 556 re
947 531 990 570 p.
1019 531 1059 570 q.
1088 522 1115 556 t.
1144 517 1195 556 ad
1222 521 1385 556 senatum
1412 538 1415 540 ·

191 586 442 638 populumque
457 586 606 639 referri.

249 655 353 695 Huic
392 669 424 696 s.
464 670 500 696 c.
539 659 768 696 intercessit
807 657 853 697 C.
894 657 1066 704 Caelius,
1107 657 1155 696 L.
1196 657 1384 703 Vinicius,

198 725 242 763 P.
263 725 483 773 Cornelius,
503 726 549 767 C.
569 727 708 766 Vibius
729 728 860 767 Pansa
879 729 988 780 (trib.
1008 727 1094 780 pl.).

157 800 178 833 ’1
245 795 339 835 Item
375 797 519 836 senatui
549 798 711 850 placere,
747 798 793 837 de
828 798 1016 844 militibus,
1052 797 1118 850 qui
1152 797 1192 837 in
1227 797 1383 836 exercitu
1420 821 1423 823 Δ

200 865 242 905 C.
265 866 438 906 Caesaris
455 873 551 914 sunt,
568 868 635 920 qui
650 881 773 906 eorum
790 868 973 920 stipendia
989 867 1139 907 emerita
1156 873 1221 907 aut
1235 881 1383 914 causas,

195 935 328 988 quibus
355 937 401 975 de
427 938 552 976 causis
579 938 684 976 missi
697 938 793 990 fieri
819 938 984 984 debeant,
1013 937 1183 984 habeant,
1212 937 1263 976 ad
1289 938 1384 976 hunc

196 1006 359 1046 ordinem
396 1007 541 1060 referri,
580 1013 619 1046 ut
656 1021 779 1047 eorum
817 1008 913 1046 ratio
950 1007 1140 1054 habeatur,
1178 1020 1384 1060 causaeque

195 1083 472 1130 cognoscantur.
525 1078 568 1117 Si
598 1078 682 1131 quis
713 1078 798 1118 huic
829 1093 861 1117 s.
893 1093 925 1117 c.
957 1077 1209 1124 intercesserit,
1242 1077 1385 1117 senatui
1419 1106 1422 1111 ,

190 1148 340 1200 placere
368 1148 617 1187 auctoritatem
642 1148 833 1200 perscribi,
863 1154 897 1187 et
925 1148 971 1187 de
999 1162 1043 1187 ea
1070 1162 1112 1187 re
1140 1148 1191 1187 ad
1219 1153 1383 1186 senatum

190 1232 233 1270 p.
252 1231 290 1270 q.
309 1223 334 1257 t.
352 1217 500 1270 referri.

250 1289 355 1327 Huic
377 1302 409 1328 s.
429 1302 462 1327 c.
483 1292 710 1327 intercessit
733 1288 778 1328 C.
803 1288 974 1335 Caelius,
998 1288 1043 1327 C.
1064 1288 1207 1334 Pansa,
1229 1288 1377 1326 tribuni

194 1359 335 1410 plebis.

165 1435 187 1468 8
259 1429 423 1482 Itemque
454 1429 598 1469 senatui
619 1430 781 1482 placere,
809 1429 848 1468 in
879 1429 1045 1468 Ciliciam
1066 1417 1314 1481 provinciam,
1342 1427 1377 1465 in
1420 1434 1422 1436 '

194 1504 272 1538 octo
308 1500 473 1551 reliquas
504 1499 730 1552 provincias,
768 1513 864 1552 quas
896 1498 1076 1551 praetorii
1106 1511 1179 1551 pro
1210 1503 1380 1551 praetore

194 1569 405 1615 obtinerent,
428 1583 503 1615 eos,
527 1570 592 1622 qui
609 1575 800 1622 praetores
813 1569 971 1621 fuerunt
993 1582 1110 1621 neque
1131 1568 1171 1607 in
1187 1567 1380 1620 provincia

244 1693 260 1709 ⁶
282 1700 310 1721 r.
326 1699 363 1731 p.
379 1699 415 1732 p.
429 1700 455 1721 r.
473 1699 508 1730 q.
521 1699 596 1730 p.-
567 1687 921 1730 :republicapopuli
931 1687 1085 1720 Romani
1097 1698 1200 1730 quam
1210 1686 1378 1729 primum.

423 1745 453 1750 -
423 1742 575 1773 primo
590 1741 724 1773 quoque
740 1735 901 1773 tempore.

246 1732 403 1808 ⁶Ji'het
381 1756 496 1817 object
519 1774 559 1807 of
578 1774 648 1807 this
671 1784 743 1807 was
766 1777 804 1806 to
827 1773 925 1806 draw
947 1783 1050 1815 away
1071 1772 1165 1806 from
1188 1771 1318 1805 Caesar
1339 1782 1379 1805 as

199 1829 310 1860 many
325 1817 366 1850 of
378 1817 432 1851 his
447 1816 592 1850 soldiers
607 1827 647 1850 as
662 1816 827 1858 possible.

244 1861 260 1881 '¹
283 1829 397 1894 These
420 1871 533 1894 were·
570 1860 622 1902 (l)
646 1859 767 1902 Sicily,
791 1858 842 1902 (2)
867 1858 1033 1892 Sardinia
1055 1858 1127 1891 and
1151 1857 1305 1896 Corsica,
1328 1858 1379 1900 (3)

203 1903 417 1937 Macedonia
445 1903 517 1936 and
548 1903 696 1942 Achaia,
727 1903 778 1946 (4)
766 1902 908 1944 )Asia,
938 1901 990 1945 (5)
1020 1901 1154 1940 Africa,
1184 1901 1236 1943 (6)
1266 1900 1379 1939 Crete,
1430 1941 1448 1945 .⁷

199 1947 251 1989 (7)
268 1945 416 1989 Cyrene,
433 1947 484 1989 (8)
503 1946 683 1988 Bithynia.
1427 1946 1448 1972 τε

208 2003 279 2037 138
