<?xml version="1.0" encoding="UTF-8"?>
<!DOCTYPE html PUBLIC "-//W3C//DTD XHTML 1.0 Transitional//EN"
    "http://www.w3.org/TR/xhtml1/DTD/xhtml1-transitional.dtd">
<html xmlns="http://www.w3.org/1999/xhtml" xml:lang="en" lang="en">
 <head>
  <title>
</title>
<meta http-equiv="Content-Type" content="text/html;charset=utf-8" />
  <meta name='ocr-system' content='tesseract 3.04.00' />
  <meta name='ocr-capabilities' content='ocr_page ocr_carea ocr_par ocr_line ocrx_word'/>
</head>
<body>
  <div class='ocr_page' id='page_1' title='image "./letterstohisfrie02ciceuoft_0102.png"; bbox 0 0 1448 2236; ppageno 0'>
   <div class='ocr_carea' id='block_1_1' title="bbox 663 65 865 106">
    <p class='ocr_par' dir='ltr' id='par_1_1' title="bbox 663 65 865 106">
     <span class='ocr_line' id='line_1_1' title="bbox 663 65 865 106; baseline 0 0"><span class='ocrx_word' id='word_1_1' title='bbox 663 65 865 106; x_wconf 88' lang='lat' dir='ltr'>CICERO</span> 
     </span>
    </p>
   </div>
   <div class='ocr_carea' id='block_1_2' title="bbox 694 186 833 226">
    <p class='ocr_par' dir='ltr' id='par_1_2' title="bbox 694 186 833 226">
     <span class='ocr_line' id='line_1_2' title="bbox 694 186 833 226; baseline -0.014 0"><span class='ocrx_word' id='word_1_2' title='bbox 694 186 833 226; x_wconf 90' lang='lat' dir='ltr'>XXIV</span> 
     </span>
    </p>
   </div>
   <div class='ocr_carea' id='block_1_3' title="bbox 446 293 1077 322">
    <p class='ocr_par' dir='ltr' id='par_1_3' title="bbox 446 293 1077 322">
     <span class='ocr_line' id='line_1_3' title="bbox 446 293 1077 322; baseline -0.002 -1"><span class='ocrx_word' id='word_1_3' title='bbox 446 296 585 322; x_wconf 67' lang='lat' dir='ltr'>elei-:Ro</span> <span class='ocrx_word' id='word_1_4' title='bbox 611 295 643 322; x_wconf 87' lang='lat' dir='ltr'>S.</span> <span class='ocrx_word' id='word_1_5' title='bbox 671 295 711 321; x_wconf 87' lang='lat' dir='ltr'>D.</span> <span class='ocrx_word' id='word_1_6' title='bbox 739 294 785 322; x_wconf 80' lang='lat' dir='ltr'>M.</span> <span class='ocrx_word' id='word_1_7' title='bbox 812 295 932 320; x_wconf 75' lang='lat' dir='ltr'>FADIO</span> <span class='ocrx_word' id='word_1_8' title='bbox 956 293 1077 320; x_wconf 75' lang='lat' dir='ltr'>GALLO</span> 
     </span>
    </p>
   </div>
   <div class='ocr_carea' id='block_1_4' title="bbox 518 378 1007 417">
    <p class='ocr_par' dir='ltr' id='par_1_4' title="bbox 518 378 1007 417">
     <span class='ocr_line' id='line_1_4' title="bbox 518 378 1007 417; baseline -0.002 -6"><span class='ocrx_word' id='word_1_9' title='bbox 518 378 561 411; x_wconf 91' lang='lat' dir='ltr'>In</span> <span class='ocrx_word' id='word_1_10' title='bbox 577 378 790 417; x_wconf 86' lang='lat' dir='ltr'>Tusculano,</span> <span class='ocrx_word' id='word_1_11' title='bbox 806 388 912 411; x_wconf 54' lang='grc' dir='ltr'>ΔΑΜ.</span> <span class='ocrx_word' id='word_1_12' title='bbox 929 379 1007 411; x_wconf 82' lang='grc'><strong>709.</strong></span> 
     </span>
    </p>
   </div>
   <div class='ocr_carea' id='block_1_5' title="bbox 124 453 1448 1258">
    <p class='ocr_par' dir='ltr' id='par_1_5' title="bbox 129 453 1448 1042">
     <span class='ocr_line' id='line_1_5' title="bbox 129 453 1352 506; baseline -0.003 -12"><span class='ocrx_word' id='word_1_13' title='bbox 129 461 145 494; x_wconf 90' lang='lat'>1</span> <span class='ocrx_word' id='word_1_14' title='bbox 218 455 376 493; x_wconf 87' lang='lat' dir='ltr'>Amoris</span> <span class='ocrx_word' id='word_1_15' title='bbox 413 455 577 506; x_wconf 90' lang='lat' dir='ltr'>quidem</span> <span class='ocrx_word' id='word_1_16' title='bbox 611 457 686 500; x_wconf 83' lang='lat' dir='ltr'>tui,</span> <span class='ocrx_word' id='word_1_17' title='bbox 722 467 883 505; x_wconf 90' lang='lat' dir='ltr'>quoquo</span> <span class='ocrx_word' id='word_1_18' title='bbox 918 466 984 492; x_wconf 89' lang='lat' dir='ltr'>me</span> <span class='ocrx_word' id='word_1_19' title='bbox 1018 455 1135 499; x_wconf 84' lang='lat' dir='ltr'>verti,</span> <span class='ocrx_word' id='word_1_20' title='bbox 1168 453 1352 504; x_wconf 84' lang='lat' dir='ltr'>vestigia,</span> 
     </span>
     <span class='ocr_line' id='line_1_6' title="bbox 165 506 1352 559; baseline -0.003 -12"><span class='ocrx_word' id='word_1_21' title='bbox 165 509 230 547; x_wconf 91' lang='lat' dir='ltr'>vel</span> <span class='ocrx_word' id='word_1_22' title='bbox 251 512 433 559; x_wconf 88' lang='lat' dir='ltr'>proxime</span> <span class='ocrx_word' id='word_1_23' title='bbox 455 509 508 547; x_wconf 91' lang='lat' dir='ltr'>de</span> <span class='ocrx_word' id='word_1_24' title='bbox 529 508 711 559; x_wconf 86' lang='lat' dir='ltr'>Tigellio.</span> <span class='ocrx_word' id='word_1_25' title='bbox 764 507 878 559; x_wconf 84' lang='lat' dir='ltr'>Sensi</span> <span class='ocrx_word' id='word_1_26' title='bbox 901 510 1009 545; x_wconf 90' lang='lat' dir='ltr'>enim</span> <span class='ocrx_word' id='word_1_27' title='bbox 1032 520 1082 545; x_wconf 88' lang='lat' dir='ltr'>ex</span> <span class='ocrx_word' id='word_1_28' title='bbox 1103 506 1249 544; x_wconf 83' lang='lat' dir='ltr'>litteris</span> <span class='ocrx_word' id='word_1_29' title='bbox 1271 508 1352 544; x_wconf 85' lang='lat' dir='ltr'>tuis</span> 
     </span>
     <span class='ocr_line' id='line_1_7' title="bbox 165 559 1352 612; baseline -0.003 -12"><span class='ocrx_word' id='word_1_30' title='bbox 165 562 283 601; x_wconf 85' lang='lat' dir='ltr'>valde</span> <span class='ocrx_word' id='word_1_31' title='bbox 317 569 360 601; x_wconf 81' lang='lat' dir='ltr'>te</span> <span class='ocrx_word' id='word_1_32' title='bbox 394 563 608 600; x_wconf 84' lang='lat' dir='ltr'>laborasse.</span> <span class='ocrx_word' id='word_1_33' title='bbox 662 562 767 607; x_wconf 88' lang='lat' dir='ltr'>Amo</span> <span class='ocrx_word' id='word_1_34' title='bbox 800 564 924 612; x_wconf 85' lang='lat' dir='ltr'>igitur</span> <span class='ocrx_word' id='word_1_35' title='bbox 955 560 1220 599; x_wconf 86' lang='lat' dir='ltr'>voluntatem.</span> <span class='ocrx_word' id='word_1_36' title='bbox 1272 559 1352 598; x_wconf 90' lang='lat' dir='ltr'>Sed</span> 
     </span>
     <span class='ocr_line' id='line_1_8' title="bbox 165 612 1352 668; baseline -0.003 -14"><span class='ocrx_word' id='word_1_37' title='bbox 165 630 295 668; x_wconf 87' lang='lat' dir='ltr'>pauca</span> <span class='ocrx_word' id='word_1_38' title='bbox 335 617 387 654; x_wconf 90' lang='lat' dir='ltr'>de</span> <span class='ocrx_word' id='word_1_39' title='bbox 427 629 484 654; x_wconf 90' lang='lat' dir='ltr'>re.</span> <span class='ocrx_word' id='word_1_40' title='bbox 538 616 674 667; x_wconf 90' lang='lat' dir='ltr'>Cipius</span> <span class='ocrx_word' id='word_1_41' title='bbox 715 615 887 667; x_wconf 89' lang='lat' dir='ltr'>(opinor)</span> <span class='ocrx_word' id='word_1_42' title='bbox 928 614 1036 660; x_wconf 86' lang='lat' dir='ltr'>oh&#39;m,</span> <span class='ocrx_word' id='word_1_43' title='bbox 1075 627 1148 652; x_wconf 82' lang='lat' dir='ltr'>non</span> <span class='ocrx_word' id='word_1_44' title='bbox 1187 612 1352 652; x_wconf 74' lang='lat' dir='ltr'>omnibus</span> 
     </span>
     <span class='ocr_line' id='line_1_9' title="bbox 165 667 1350 721; baseline -0.003 -13"><span class='ocrx_word' id='word_1_45' title='bbox 165 670 306 708; x_wconf 77' lang='lat' dir='ltr'>dormio</span> <span class='ocrx_word' id='word_1_46' title='bbox 324 683 334 715; x_wconf 90' lang='grc'><strong>;</strong></span> <span class='ocrx_word' id='word_1_47' title='bbox 366 673 422 708; x_wconf 87' lang='lat' dir='ltr'>sic</span> <span class='ocrx_word' id='word_1_48' title='bbox 441 683 517 721; x_wconf 88' lang='lat' dir='ltr'>ego</span> <span class='ocrx_word' id='word_1_49' title='bbox 535 683 616 708; x_wconf 91' lang='lat' dir='ltr'>non</span> <span class='ocrx_word' id='word_1_50' title='bbox 633 670 832 714; x_wconf 90' lang='lat' dir='ltr'>omnibus,</span> <span class='ocrx_word' id='word_1_51' title='bbox 849 671 905 707; x_wconf 91' lang='lat' dir='ltr'>mi</span> <span class='ocrx_word' id='word_1_52' title='bbox 923 668 1052 714; x_wconf 86' lang='lat' dir='ltr'>Galle,</span> <span class='ocrx_word' id='word_1_53' title='bbox 1071 669 1211 706; x_wconf 87' lang='lat' dir='ltr'>servio.</span> <span class='ocrx_word' id='word_1_54' title='bbox 1263 667 1350 705; x_wconf 79' lang='lat' dir='ltr'>Etsi</span> 
     </span>
     <span class='ocr_line' id='line_1_10' title="bbox 166 723 1352 775; baseline -0.003 -13"><span class='ocrx_word' id='word_1_55' title='bbox 166 737 272 775; x_wconf 86' lang='lat' dir='ltr'>quae</span> <span class='ocrx_word' id='word_1_56' title='bbox 297 729 360 762; x_wconf 86' lang='lat' dir='ltr'>est</span> <span class='ocrx_word' id='word_1_57' title='bbox 382 723 483 763; x_wconf 89' lang='lat' dir='ltr'>haec</span> <span class='ocrx_word' id='word_1_58' title='bbox 506 726 676 762; x_wconf 86' lang='lat' dir='ltr'>servitus</span> <span class='ocrx_word' id='word_1_59' title='bbox 694 724 709 760; x_wconf 91' lang='lat'>?</span> <span class='ocrx_word' id='word_1_60' title='bbox 763 723 885 768; x_wconf 87' lang='lat' dir='ltr'>Olim,</span> <span class='ocrx_word' id='word_1_61' title='bbox 907 735 1000 760; x_wconf 87' lang='lat' dir='ltr'>cum</span> <span class='ocrx_word' id='word_1_62' title='bbox 1022 734 1193 773; x_wconf 87' lang='lat' dir='ltr'>regnare</span> <span class='ocrx_word' id='word_1_63' title='bbox 1217 723 1352 758; x_wconf 86' lang='lat' dir='ltr'>existi-</span> 
     </span>
     <span class='ocr_line' id='line_1_11' title="bbox 165 775 1351 827; baseline -0.003 -12"><span class='ocrx_word' id='word_1_64' title='bbox 165 778 389 823; x_wconf 81' lang='lat' dir='ltr'>mabamur,</span> <span class='ocrx_word' id='word_1_65' title='bbox 427 791 507 815; x_wconf 91' lang='lat' dir='ltr'>non</span> <span class='ocrx_word' id='word_1_66' title='bbox 544 783 630 815; x_wconf 84' lang='lat' dir='ltr'>tam</span> <span class='ocrx_word' id='word_1_67' title='bbox 667 777 720 815; x_wconf 86' lang='lat' dir='ltr'>ab</span> <span class='ocrx_word' id='word_1_68' title='bbox 757 777 859 822; x_wconf 89' lang='lat' dir='ltr'>ullis,</span> <span class='ocrx_word' id='word_1_69' title='bbox 897 789 1019 827; x_wconf 87' lang='lat' dir='ltr'>quam</span> <span class='ocrx_word' id='word_1_70' title='bbox 1055 775 1131 813; x_wconf 90' lang='lat' dir='ltr'>hoc</span> <span class='ocrx_word' id='word_1_71' title='bbox 1168 780 1351 825; x_wconf 85' lang='lat' dir='ltr'>tempore</span> 
     </span>
     <span class='ocr_line' id='line_1_12' title="bbox 165 826 1448 879; baseline -0.002 -10"><span class='ocrx_word' id='word_1_72' title='bbox 165 832 354 869; x_wconf 88' lang='lat' dir='ltr'>observor</span> <span class='ocrx_word' id='word_1_73' title='bbox 380 845 405 868; x_wconf 86' lang='lat' dir='ltr'>a</span> <span class='ocrx_word' id='word_1_74' title='bbox 430 830 744 868; x_wconf 83' lang='lat' dir='ltr'>familiarissimis</span> <span class='ocrx_word' id='word_1_75' title='bbox 772 830 952 868; x_wconf 84' lang='lat' dir='ltr'>Caesaris</span> <span class='ocrx_word' id='word_1_76' title='bbox 980 829 1164 867; x_wconf 80' lang='lat' dir='ltr'>omnibus</span> <span class='ocrx_word' id='word_1_77' title='bbox 1189 833 1353 879; x_wconf 88' lang='lat' dir='ltr'>praeter</span> <span class='ocrx_word' id='word_1_78' title='bbox 1438 826 1448 867; x_wconf 62' lang='lat'>‘¹5</span> 
     </span>
     <span class='ocr_line' id='line_1_13' title="bbox 164 881 1443 935; baseline -0.004 -12"><span class='ocrx_word' id='word_1_79' title='bbox 164 888 300 923; x_wconf 86' lang='lat' dir='ltr'>istum.</span> <span class='ocrx_word' id='word_1_80' title='bbox 355 885 404 923; x_wconf 92' lang='lat' dir='ltr'>Id</span> <span class='ocrx_word' id='word_1_81' title='bbox 434 898 510 935; x_wconf 87' lang='lat' dir='ltr'>ego</span> <span class='ocrx_word' id='word_1_82' title='bbox 539 887 580 922; x_wconf 92' lang='lat' dir='ltr'>in</span> <span class='ocrx_word' id='word_1_83' title='bbox 609 884 726 922; x_wconf 88' lang='lat' dir='ltr'>lucris</span> <span class='ocrx_word' id='word_1_84' title='bbox 754 897 875 934; x_wconf 91' lang='lat' dir='ltr'>pono,</span> <span class='ocrx_word' id='word_1_85' title='bbox 903 896 985 921; x_wconf 90' lang='lat' dir='ltr'>non</span> <span class='ocrx_word' id='word_1_86' title='bbox 1012 882 1119 920; x_wconf 82' lang='lat' dir='ltr'>ferre</span> <span class='ocrx_word' id='word_1_87' title='bbox 1147 881 1351 920; x_wconf 87' lang='lat' dir='ltr'>hominem</span> <span class='ocrx_word' id='word_1_88' title='bbox 1442 887 1443 890; x_wconf 77' lang='grc'>’</span> 
     </span>
     <span class='ocr_line' id='line_1_14' title="bbox 164 936 1350 990; baseline -0.003 -14"><span class='ocrx_word' id='word_1_89' title='bbox 164 938 485 990; x_wconf 80' lang='lat' dir='ltr'>pestilentiorem</span> <span class='ocrx_word' id='word_1_90' title='bbox 516 940 649 988; x_wconf 86' lang='lat' dir='ltr'>patria</span> <span class='ocrx_word' id='word_1_91' title='bbox 680 950 779 982; x_wconf 81' lang='lat' dir='ltr'>sua3</span> <span class='ocrx_word' id='word_1_92' title='bbox 827 949 1001 987; x_wconf 88' lang='lat' dir='ltr'>eumque</span> <span class='ocrx_word' id='word_1_93' title='bbox 1032 936 1240 974; x_wconf 83' lang='lat' dir='ltr'>addictum</span> <span class='ocrx_word' id='word_1_94' title='bbox 1269 937 1350 972; x_wconf 86' lang='lat' dir='ltr'>iam</span> 
     </span>
     <span class='ocr_line' id='line_1_15' title="bbox 164 990 1350 1042; baseline -0.003 -12"><span class='ocrx_word' id='word_1_95' title='bbox 164 998 254 1030; x_wconf 88' lang='lat' dir='ltr'>tum</span> <span class='ocrx_word' id='word_1_96' title='bbox 280 998 380 1042; x_wconf 85' lang='lat' dir='ltr'>puto</span> <span class='ocrx_word' id='word_1_97' title='bbox 409 1005 496 1030; x_wconf 89' lang='lat' dir='ltr'>esse</span> <span class='ocrx_word' id='word_1_98' title='bbox 525 991 635 1029; x_wconf 80' lang='lat' dir='ltr'>Calvi</span> <span class='ocrx_word' id='word_1_99' title='bbox 663 991 790 1029; x_wconf 88' lang='lat' dir='ltr'>Licini</span> <span class='ocrx_word' id='word_1_100' title='bbox 817 991 1099 1041; x_wconf 82' lang='lat' dir='ltr'>Hipponacteo</span> <span class='ocrx_word' id='word_1_101' title='bbox 1124 990 1350 1040; x_wconf 81' lang='lat' dir='ltr'>praeconio.</span> 
     </span>
    </p>

    <p class='ocr_par' dir='ltr' id='par_1_6' title="bbox 124 1044 1350 1258">
     <span class='ocr_line' id='line_1_16' title="bbox 124 1044 1350 1096; baseline -0.004 -12"><span class='ocrx_word' id='word_1_102' title='bbox 124 1051 146 1084; x_wconf 91' lang='lat'>2</span> <span class='ocrx_word' id='word_1_103' title='bbox 165 1047 222 1084; x_wconf 85' lang='lat' dir='ltr'>At</span> <span class='ocrx_word' id='word_1_104' title='bbox 261 1046 368 1092; x_wconf 89' lang='lat' dir='ltr'>vide,</span> <span class='ocrx_word' id='word_1_105' title='bbox 409 1046 506 1096; x_wconf 91' lang='lat' dir='ltr'>quid</span> <span class='ocrx_word' id='word_1_106' title='bbox 546 1050 793 1083; x_wconf 83' lang='lat' dir='ltr'>succenseat.</span> <span class='ocrx_word' id='word_1_107' title='bbox 847 1044 1049 1083; x_wconf 80' lang='lat' dir='ltr'>Phameae</span> <span class='ocrx_word' id='word_1_108' title='bbox 1089 1055 1252 1081; x_wconf 85' lang='lat' dir='ltr'>causam</span> <span class='ocrx_word' id='word_1_109' title='bbox 1289 1055 1350 1080; x_wconf 90' lang='lat' dir='ltr'>re-</span> 
     </span>
     <span class='ocr_line' id='line_1_17' title="bbox 163 1096 1350 1151; baseline -0.004 -13"><span class='ocrx_word' id='word_1_110' title='bbox 163 1113 366 1151; x_wconf 88' lang='lat' dir='ltr'>ceperam,</span> <span class='ocrx_word' id='word_1_111' title='bbox 384 1102 507 1150; x_wconf 88' lang='lat' dir='ltr'>ipsius</span> <span class='ocrx_word' id='word_1_112' title='bbox 527 1099 691 1150; x_wconf 91' lang='lat' dir='ltr'>quidem</span> <span class='ocrx_word' id='word_1_113' title='bbox 709 1112 842 1136; x_wconf 85' lang='lat' dir='ltr'>eausa.</span> <span class='ocrx_word' id='word_1_114' title='bbox 894 1098 995 1136; x_wconf 81' lang='lat' dir='ltr'>Erat</span> <span class='ocrx_word' id='word_1_115' title='bbox 1013 1099 1121 1135; x_wconf 82' lang='lat' dir='ltr'>enim</span> <span class='ocrx_word' id='word_1_116' title='bbox 1138 1096 1235 1135; x_wconf 90' lang='lat' dir='ltr'>mihi</span> <span class='ocrx_word' id='word_1_117' title='bbox 1253 1108 1350 1134; x_wconf 89' lang='lat' dir='ltr'>sane</span> 
     </span>
     <span class='ocr_line' id='line_1_18' title="bbox 163 1149 1350 1202; baseline -0.004 -11"><span class='ocrx_word' id='word_1_118' title='bbox 163 1153 382 1191; x_wconf 87' lang='lat' dir='ltr'>familiaris.</span> <span class='ocrx_word' id='word_1_119' title='bbox 437 1153 476 1191; x_wconf 92' lang='lat' dir='ltr'>Is</span> <span class='ocrx_word' id='word_1_120' title='bbox 512 1153 565 1191; x_wconf 83' lang='lat' dir='ltr'>ad</span> <span class='ocrx_word' id='word_1_121' title='bbox 600 1165 666 1190; x_wconf 91' lang='lat' dir='ltr'>me</span> <span class='ocrx_word' id='word_1_122' title='bbox 702 1155 814 1190; x_wconf 84' lang='lat' dir='ltr'>venit</span> <span class='ocrx_word' id='word_1_123' title='bbox 848 1152 1033 1202; x_wconf 86' lang='lat' dir='ltr'>dixitque</span> <span class='ocrx_word' id='word_1_124' title='bbox 1068 1150 1242 1189; x_wconf 87' lang='lat' dir='ltr'>iudicem</span> <span class='ocrx_word' id='word_1_125' title='bbox 1277 1149 1350 1187; x_wconf 89' lang='lat' dir='ltr'>sibi</span> 
     </span>
     <span class='ocr_line' id='line_1_19' title="bbox 163 1202 1350 1258; baseline -0.004 -13"><span class='ocrx_word' id='word_1_126' title='bbox 163 1221 329 1258; x_wconf 90' lang='lat' dir='ltr'>operam</span> <span class='ocrx_word' id='word_1_127' title='bbox 363 1207 461 1245; x_wconf 87' lang='lat' dir='ltr'>dare</span> <span class='ocrx_word' id='word_1_128' title='bbox 496 1208 751 1244; x_wconf 84' lang='lat' dir='ltr'>constituisse</span> <span class='ocrx_word' id='word_1_129' title='bbox 787 1219 835 1244; x_wconf 89' lang='lat' dir='ltr'>eo</span> <span class='ocrx_word' id='word_1_130' title='bbox 868 1208 955 1256; x_wconf 92' lang='lat' dir='ltr'>ipso</span> <span class='ocrx_word' id='word_1_131' title='bbox 988 1205 1069 1250; x_wconf 92' lang='lat' dir='ltr'>die,</span> <span class='ocrx_word' id='word_1_132' title='bbox 1105 1217 1184 1255; x_wconf 93' lang='lat' dir='ltr'>quo</span> <span class='ocrx_word' id='word_1_133' title='bbox 1218 1203 1271 1241; x_wconf 90' lang='lat' dir='ltr'>de</span> <span class='ocrx_word' id='word_1_134' title='bbox 1305 1202 1350 1241; x_wconf 92' lang='lat' dir='ltr'>P.</span> 
     </span>
    </p>
   </div>
   <div class='ocr_carea' id='block_1_6' title="bbox 166 1352 1352 1698">
    <p class='ocr_par' dir='ltr' id='par_1_7' title="bbox 167 1352 1351 1517">
     <span class='ocr_line' id='line_1_20' title="bbox 212 1352 1350 1394; baseline -0.001 -8"><span class='ocrx_word' id='word_1_135' title='bbox 212 1360 228 1375; x_wconf 79' lang='lat'><em>⁰</em></span> <span class='ocrx_word' id='word_1_136' title='bbox 254 1355 306 1387; x_wconf 92' lang='lat' dir='ltr'>M.</span> <span class='ocrx_word' id='word_1_137' title='bbox 326 1354 457 1387; x_wconf 89' lang='lat' dir='ltr'>Fadius</span> <span class='ocrx_word' id='word_1_138' title='bbox 474 1354 598 1387; x_wconf 85' lang='lat' dir='ltr'>Gallus</span> <span class='ocrx_word' id='word_1_139' title='bbox 615 1364 686 1387; x_wconf 84' lang='lat' dir='ltr'>was</span> <span class='ocrx_word' id='word_1_140' title='bbox 704 1353 819 1386; x_wconf 85' lang='lat' dir='ltr'>afraid</span> <span class='ocrx_word' id='word_1_141' title='bbox 838 1353 915 1386; x_wconf 81' lang='lat' dir='ltr'>that</span> <span class='ocrx_word' id='word_1_142' title='bbox 931 1352 1052 1386; x_wconf 76' lang='lat' dir='ltr'>Cicero</span> <span class='ocrx_word' id='word_1_143' title='bbox 1068 1352 1183 1394; x_wconf 85' lang='lat' dir='ltr'>might</span> <span class='ocrx_word' id='word_1_144' title='bbox 1200 1352 1350 1386; x_wconf 80' lang='lat' dir='ltr'>alienate</span> 
     </span>
     <span class='ocr_line' id='line_1_21' title="bbox 167 1395 1351 1440; baseline -0.002 -10"><span class='ocrx_word' id='word_1_145' title='bbox 167 1398 348 1440; x_wconf 81' lang='lat' dir='ltr'>Tigellius,</span> <span class='ocrx_word' id='word_1_146' title='bbox 367 1398 428 1431; x_wconf 84' lang='lat' dir='ltr'>the</span> <span class='ocrx_word' id='word_1_147' title='bbox 447 1397 637 1431; x_wconf 84' lang='lat' dir='ltr'>Sardinian</span> <span class='ocrx_word' id='word_1_148' title='bbox 656 1398 840 1436; x_wconf 83' lang='lat' dir='ltr'>musician,</span> <span class='ocrx_word' id='word_1_149' title='bbox 859 1397 938 1429; x_wconf 89' lang='lat' dir='ltr'>who</span> <span class='ocrx_word' id='word_1_150' title='bbox 958 1395 1029 1429; x_wconf 85' lang='lat' dir='ltr'>had</span> <span class='ocrx_word' id='word_1_151' title='bbox 1051 1395 1158 1429; x_wconf 90' lang='lat' dir='ltr'>much</span> <span class='ocrx_word' id='word_1_152' title='bbox 1179 1395 1351 1429; x_wconf 87' lang='lat' dir='ltr'>influence</span> 
     </span>
     <span class='ocr_line' id='line_1_22' title="bbox 168 1438 1350 1517; baseline -0.001 -44"><span class='ocrx_word' id='word_1_153' title='bbox 168 1441 252 1517; x_wconf 49' lang='lat' dir='ltr'>wilti?</span> <span class='ocrx_word' id='word_1_154' title='bbox 269 1440 410 1473; x_wconf 87' lang='lat' dir='ltr'>Caesar.</span> <span class='ocrx_word' id='word_1_155' title='bbox 459 1440 526 1474; x_wconf 91' lang='lat' dir='ltr'>See</span> <span class='ocrx_word' id='word_1_156' title='bbox 542 1441 630 1474; x_wconf 73' lang='lat' dir='ltr'>Hor,</span> <span class='ocrx_word' id='word_1_157' title='bbox 644 1441 718 1474; x_wconf 81' lang='lat' dir='ltr'>Sat.</span> <span class='ocrx_word' id='word_1_158' title='bbox 737 1442 759 1473; x_wconf 92' lang='lat' dir='ltr'>i.</span> <span class='ocrx_word' id='word_1_159' title='bbox 776 1443 810 1478; x_wconf 83' lang='lat'>3,</span> <span class='ocrx_word' id='word_1_160' title='bbox 822 1439 877 1473; x_wconf 85' lang='lat' dir='ltr'>for</span> <span class='ocrx_word' id='word_1_161' title='bbox 893 1450 939 1472; x_wconf 76' lang='lat' dir='ltr'>an</span> <span class='ocrx_word' id='word_1_162' title='bbox 956 1439 1123 1481; x_wconf 85' lang='lat' dir='ltr'>amusing</span> <span class='ocrx_word' id='word_1_163' title='bbox 1138 1438 1350 1481; x_wconf 82' lang='lat' dir='ltr'>description</span> 
     </span>
     <span class='ocr_line' id='line_1_23' title="bbox 168 1495 307 1517; baseline -0.014 0"><span class='ocrx_word' id='word_1_164' title='bbox 168 1495 190 1517; x_wconf 96' lang='lat' dir='ltr'>o</span> <span class='ocrx_word' id='word_1_165' title='bbox 249 1495 307 1516; x_wconf 77' lang='lat' dir='ltr'>im.</span> 
     </span>
    </p>

    <p class='ocr_par' dir='ltr' id='par_1_8' title="bbox 166 1526 1352 1698">
     <span class='ocr_line' id='line_1_24' title="bbox 213 1526 1352 1568; baseline -0.002 -9"><span class='ocrx_word' id='word_1_166' title='bbox 213 1528 226 1548; x_wconf 60' lang='grc' dir='ltr'>δ</span> <span class='ocrx_word' id='word_1_167' title='bbox 251 1527 385 1568; x_wconf 87' lang='lat' dir='ltr'>Cipius,</span> <span class='ocrx_word' id='word_1_168' title='bbox 402 1528 429 1559; x_wconf 85' lang='lat' dir='ltr'>it</span> <span class='ocrx_word' id='word_1_169' title='bbox 444 1537 569 1566; x_wconf 82' lang='lat' dir='ltr'>seems,</span> <span class='ocrx_word' id='word_1_170' title='bbox 585 1526 671 1560; x_wconf 86' lang='lat' dir='ltr'>used</span> <span class='ocrx_word' id='word_1_171' title='bbox 691 1530 727 1559; x_wconf 81' lang='lat' dir='ltr'>to</span> <span class='ocrx_word' id='word_1_172' title='bbox 743 1526 840 1568; x_wconf 84' lang='lat' dir='ltr'>feign</span> <span class='ocrx_word' id='word_1_173' title='bbox 856 1526 963 1567; x_wconf 83' lang='lat' dir='ltr'>sleep,</span> <span class='ocrx_word' id='word_1_174' title='bbox 980 1536 1018 1558; x_wconf 94' lang='lat' dir='ltr'>so</span> <span class='ocrx_word' id='word_1_175' title='bbox 1033 1535 1073 1558; x_wconf 84' lang='lat' dir='ltr'>as</span> <span class='ocrx_word' id='word_1_176' title='bbox 1089 1528 1152 1559; x_wconf 80' lang='lat' dir='ltr'>not</span> <span class='ocrx_word' id='word_1_177' title='bbox 1166 1527 1204 1558; x_wconf 81' lang='lat' dir='ltr'>to</span> <span class='ocrx_word' id='word_1_178' title='bbox 1218 1534 1352 1566; x_wconf 82' lang='lat' dir='ltr'>appear</span> 
     </span>
     <span class='ocr_line' id='line_1_25' title="bbox 167 1567 1350 1610; baseline -0.003 -7"><span class='ocrx_word' id='word_1_179' title='bbox 167 1574 204 1603; x_wconf 83' lang='lat' dir='ltr'>to</span> <span class='ocrx_word' id='word_1_180' title='bbox 222 1571 337 1603; x_wconf 86' lang='lat' dir='ltr'>notice</span> <span class='ocrx_word' id='word_1_181' title='bbox 353 1570 413 1603; x_wconf 85' lang='lat' dir='ltr'>the</span> <span class='ocrx_word' id='word_1_182' title='bbox 431 1570 675 1603; x_wconf 84' lang='lat' dir='ltr'>indiseretions</span> <span class='ocrx_word' id='word_1_183' title='bbox 692 1570 732 1602; x_wconf 88' lang='lat' dir='ltr'>of</span> <span class='ocrx_word' id='word_1_184' title='bbox 746 1569 800 1602; x_wconf 92' lang='lat' dir='ltr'>his</span> <span class='ocrx_word' id='word_1_185' title='bbox 816 1569 896 1602; x_wconf 85' lang='lat' dir='ltr'>wife</span> <span class='ocrx_word' id='word_1_186' title='bbox 910 1569 994 1602; x_wconf 84' lang='lat' dir='ltr'>with</span> <span class='ocrx_word' id='word_1_187' title='bbox 1007 1567 1203 1602; x_wconf 81' lang='lat' dir='ltr'>influential</span> <span class='ocrx_word' id='word_1_188' title='bbox 1218 1571 1350 1610; x_wconf 78' lang='lat' dir='ltr'>guests,</span> 
     </span>
     <span class='ocr_line' id='line_1_26' title="bbox 167 1610 1351 1655; baseline -0.003 -8"><span class='ocrx_word' id='word_1_189' title='bbox 167 1614 232 1647; x_wconf 87' lang='lat' dir='ltr'>but</span> <span class='ocrx_word' id='word_1_190' title='bbox 250 1613 352 1647; x_wconf 88' lang='lat' dir='ltr'>when</span> <span class='ocrx_word' id='word_1_191' title='bbox 371 1624 393 1646; x_wconf 85' lang='lat' dir='ltr'>a</span> <span class='ocrx_word' id='word_1_192' title='bbox 410 1613 517 1651; x_wconf 85' lang='lat' dir='ltr'>slave,</span> <span class='ocrx_word' id='word_1_193' title='bbox 536 1614 743 1655; x_wconf 86' lang='lat' dir='ltr'>presuming</span> <span class='ocrx_word' id='word_1_194' title='bbox 761 1623 857 1654; x_wconf 89' lang='lat' dir='ltr'>upon</span> <span class='ocrx_word' id='word_1_195' title='bbox 876 1612 945 1645; x_wconf 84' lang='lat' dir='ltr'>this</span> <span class='ocrx_word' id='word_1_196' title='bbox 964 1611 1064 1645; x_wconf 86' lang='lat' dir='ltr'>habit</span> <span class='ocrx_word' id='word_1_197' title='bbox 1082 1610 1122 1644; x_wconf 85' lang='lat' dir='ltr'>of</span> <span class='ocrx_word' id='word_1_198' title='bbox 1137 1611 1190 1645; x_wconf 90' lang='lat' dir='ltr'>his</span> <span class='ocrx_word' id='word_1_199' title='bbox 1209 1613 1351 1649; x_wconf 84' lang='lat' dir='ltr'>master.</span> 
     </span>
     <span class='ocr_line' id='line_1_27' title="bbox 166 1653 1352 1698; baseline -0.003 -8"><span class='ocrx_word' id='word_1_200' title='bbox 166 1657 255 1690; x_wconf 82' lang='lat' dir='ltr'>tried</span> <span class='ocrx_word' id='word_1_201' title='bbox 270 1660 307 1690; x_wconf 79' lang='lat' dir='ltr'>to</span> <span class='ocrx_word' id='word_1_202' title='bbox 320 1656 407 1690; x_wconf 81' lang='lat' dir='ltr'>steal</span> <span class='ocrx_word' id='word_1_203' title='bbox 421 1667 517 1689; x_wconf 81' lang='lat' dir='ltr'>some</span> <span class='ocrx_word' id='word_1_204' title='bbox 531 1657 632 1694; x_wconf 86' lang='lat' dir='ltr'>wine,</span> <span class='ocrx_word' id='word_1_205' title='bbox 647 1656 692 1688; x_wconf 88' lang='lat' dir='ltr'>he</span> <span class='ocrx_word' id='word_1_206' title='bbox 705 1655 880 1698; x_wconf 89' lang='lat' dir='ltr'>suddenly</span> <span class='ocrx_word' id='word_1_207' title='bbox 894 1654 1006 1688; x_wconf 88' lang='lat' dir='ltr'>broke</span> <span class='ocrx_word' id='word_1_208' title='bbox 1019 1657 1055 1687; x_wconf 93' lang='lat' dir='ltr'>in</span> <span class='ocrx_word' id='word_1_209' title='bbox 1069 1654 1153 1687; x_wconf 86' lang='lat' dir='ltr'>with</span> <span class='ocrx_word' id='word_1_210' title='bbox 1166 1653 1226 1687; x_wconf 83' lang='lat' dir='ltr'>the</span> <span class='ocrx_word' id='word_1_211' title='bbox 1238 1653 1352 1686; x_wconf 80' lang='lat' dir='ltr'>above</span> 
     </span>
    </p>
   </div>
   <div class='ocr_carea' id='block_1_7' title="bbox 167 1700 1350 1785">
    <p class='ocr_par' dir='ltr' id='par_1_9' title="bbox 167 1700 1350 1785">
     <span class='ocr_line' id='line_1_28' title="bbox 167 1700 1350 1785; baseline -0.003 -9"><span class='ocrx_word' id='word_1_212' title='bbox 167 1700 312 1785; x_wconf 54' lang='lat' dir='ltr'>W‘fdcs&#39;j</span> <span class='ocrx_word' id='word_1_213' title='bbox 337 1742 399 1775; x_wconf 75' lang='lat' dir='ltr'>Ad</span> <span class='ocrx_word' id='word_1_214' title='bbox 419 1742 497 1775; x_wconf 70' lang='grc' dir='ltr'><em>Αιι.</em></span> <span class='ocrx_word' id='word_1_215' title='bbox 519 1753 544 1774; x_wconf 89' lang='lat'>1.</span> <span class='ocrx_word' id='word_1_216' title='bbox 576 1743 626 1774; x_wconf 81' lang='lat'>16.</span> <span class='ocrx_word' id='word_1_217' title='bbox 659 1744 711 1779; x_wconf 77' lang='grc' dir='ltr'>ιο,</span> <span class='ocrx_word' id='word_1_218' title='bbox 738 1741 854 1774; x_wconf 78' lang='lat' dir='ltr'>where</span> <span class='ocrx_word' id='word_1_219' title='bbox 877 1741 1022 1774; x_wconf 72' lang='lat' dir='ltr'>Clodius</span> <span class='ocrx_word' id='word_1_220' title='bbox 1050 1742 1079 1774; x_wconf 73' lang='lat' dir='ltr'>is</span> <span class='ocrx_word' id='word_1_221' title='bbox 1105 1739 1286 1774; x_wconf 72' lang='lat' dir='ltr'>described</span> <span class='ocrx_word' id='word_1_222' title='bbox 1310 1750 1350 1773; x_wconf 77' lang='lat' dir='ltr'>as</span> 
     </span>
    </p>
   </div>
   <div class='ocr_carea' id='block_1_8' title="bbox 168 1783 1353 1999">
    <p class='ocr_par' dir='ltr' id='par_1_10' title="bbox 168 1783 1351 1905">
     <span class='ocr_line' id='line_1_29' title="bbox 168 1783 1351 1828; baseline -0.003 -9"><span class='ocrx_word' id='word_1_223' title='bbox 168 1786 302 1828; x_wconf 83' lang='lat' dir='ltr'>asking</span> <span class='ocrx_word' id='word_1_224' title='bbox 318 1789 339 1803; x_wconf 79' lang='lat'>‘⁶</span> <span class='ocrx_word' id='word_1_225' title='bbox 350 1785 548 1827; x_wconf 84' lang='lat' dir='ltr'>Quousque</span> <span class='ocrx_word' id='word_1_226' title='bbox 558 1785 655 1818; x_wconf 89' lang='lat' dir='ltr'>hunc</span> <span class='ocrx_word' id='word_1_227' title='bbox 665 1795 786 1826; x_wconf 87' lang='lat' dir='ltr'>regem</span> <span class='ocrx_word' id='word_1_228' title='bbox 802 1785 958 1817; x_wconf 82' lang='lat' dir='ltr'>feremus</span> <span class='ocrx_word' id='word_1_229' title='bbox 968 1786 983 1816; x_wconf 71' lang='lat' dir='ltr'>i&gt;</span> <span class='ocrx_word' id='word_1_230' title='bbox 993 1784 1014 1798; x_wconf 88' lang='lat'>&#39;⁹</span> <span class='ocrx_word' id='word_1_231' title='bbox 1061 1787 1084 1802; x_wconf 80' lang='lat'>‘⁶</span> <span class='ocrx_word' id='word_1_232' title='bbox 1094 1783 1186 1816; x_wconf 92' lang='lat' dir='ltr'>How</span> <span class='ocrx_word' id='word_1_233' title='bbox 1195 1783 1282 1824; x_wconf 86' lang='lat' dir='ltr'>long</span> <span class='ocrx_word' id='word_1_234' title='bbox 1290 1794 1351 1816; x_wconf 84' lang='lat' dir='ltr'>are</span> 
     </span>
     <span class='ocr_line' id='line_1_30' title="bbox 171 1826 1046 1905; baseline -0.005 0"><span class='ocrx_word' id='word_1_235' title='bbox 171 1840 229 1892; x_wconf 66' lang='lat' dir='ltr'>W‘}</span> <span class='ocrx_word' id='word_1_236' title='bbox 239 1831 323 1905; x_wconf 57' lang='lat'>³³52?</span> <span class='ocrx_word' id='word_1_237' title='bbox 346 1827 934 1904; x_wconf 49' lang='grc' dir='ltr'>ῑιῖἵέῗαέὴῖῗοῖἓῗὲῒεῗῶὲηῗῖεὲἷιῗῖ</span> <span class='ocrx_word' id='word_1_238' title='bbox 949 1837 989 1859; x_wconf 74' lang='lat'>¹¹⁵</span> <span class='ocrx_word' id='word_1_239' title='bbox 1000 1829 1014 1859; x_wconf 73' lang='lat'>&#39;⁹</span> <span class='ocrx_word' id='word_1_240' title='bbox 1025 1826 1046 1840; x_wconf 83' lang='grc'>”</span> 
     </span>
    </p>

    <p class='ocr_par' dir='ltr' id='par_1_11' title="bbox 168 1880 1353 1999">
     <span class='ocr_line' id='line_1_31' title="bbox 214 1880 1351 1956; baseline -0.003 -9"><span class='ocrx_word' id='word_1_241' title='bbox 214 1920 227 1935; x_wconf 81' lang='lat'><em>⁰</em></span> <span class='ocrx_word' id='word_1_242' title='bbox 251 1915 443 1956; x_wconf 84' lang='lat' dir='ltr'>Hipponax</span> <span class='ocrx_word' id='word_1_243' title='bbox 453 1914 492 1947; x_wconf 87' lang='lat' dir='ltr'>of</span> <span class='ocrx_word' id='word_1_244' title='bbox 500 1914 661 1955; x_wconf 88' lang='lat' dir='ltr'>Ephesus</span> <span class='ocrx_word' id='word_1_245' title='bbox 671 1881 843 1955; x_wconf 40' lang='lat'>(5436-520</span> <span class='ocrx_word' id='word_1_246' title='bbox 851 1880 1044 1954; x_wconf 45' lang='lat' dir='ltr'>magirrote</span> <span class='ocrx_word' id='word_1_247' title='bbox 1052 1911 1158 1945; x_wconf 86' lang='lat' dir='ltr'>bitter</span> <span class='ocrx_word' id='word_1_248' title='bbox 1166 1911 1351 1953; x_wconf 75' lang='lat' dir='ltr'>lampoons</span> 
     </span>
     <span class='ocr_line' id='line_1_32' title="bbox 168 1954 1353 1999; baseline -0.003 -8"><span class='ocrx_word' id='word_1_249' title='bbox 168 1959 204 1991; x_wconf 92' lang='lat' dir='ltr'>in</span> <span class='ocrx_word' id='word_1_250' title='bbox 221 1958 279 1990; x_wconf 90' lang='lat' dir='ltr'>the</span> <span class='ocrx_word' id='word_1_251' title='bbox 295 1959 470 1990; x_wconf 86' lang='lat' dir='ltr'>scazontic</span> <span class='ocrx_word' id='word_1_252' title='bbox 485 1957 521 1999; x_wconf 90' lang='lat'>(“</span> <span class='ocrx_word' id='word_1_253' title='bbox 534 1957 684 1999; x_wconf 88' lang='lat' dir='ltr'>limping</span> <span class='ocrx_word' id='word_1_254' title='bbox 695 1956 732 1997; x_wconf 86' lang='lat'>&#39;&#39;)</span> <span class='ocrx_word' id='word_1_255' title='bbox 744 1967 783 1989; x_wconf 88' lang='lat' dir='ltr'>or</span> <span class='ocrx_word' id='word_1_256' title='bbox 797 1955 1009 1989; x_wconf 85' lang='lat' dir='ltr'>choliambic</span> <span class='ocrx_word' id='word_1_257' title='bbox 1020 1955 1057 1997; x_wconf 94' lang='lat'>(“</span> <span class='ocrx_word' id='word_1_258' title='bbox 1068 1955 1161 1988; x_wconf 83' lang='lat' dir='ltr'>lame</span> <span class='ocrx_word' id='word_1_259' title='bbox 1172 1954 1303 1988; x_wconf 82' lang='lat' dir='ltr'>iambic</span> <span class='ocrx_word' id='word_1_260' title='bbox 1314 1954 1353 1996; x_wconf 91' lang='lat'>&#39;&#39;)</span> 
     </span>
    </p>
   </div>
   <div class='ocr_carea' id='block_1_9' title="bbox 174 2013 223 2050">
    <p class='ocr_par' dir='ltr' id='par_1_12' title="bbox 174 2013 223 2050">
     <span class='ocr_line' id='line_1_33' title="bbox 174 2013 223 2050; baseline -0.061 0"><span class='ocrx_word' id='word_1_261' title='bbox 174 2013 223 2050; x_wconf 80' lang='grc'>72</span> 
     </span>
    </p>
   </div>
  </div>
 </body>
</html>
