1448 2236
685 76 887 116 CICERO

190 180 453 219 facultatibus
476 181 774 220 accederemus.
828 180 1134 220 Confirmandus
1157 188 1246 222 erat
1268 196 1382 222 exer·
1441 169 1448 184 ¹

190 249 293 284 citus
313 247 441 291 nobis,
461 248 620 296 magnis
641 259 764 296 saepe
783 249 973 296 praemiis
993 246 1244 293 sollicitatus,
1264 253 1311 287 ut
1330 248 1382 286 ab
1439 241 1448 290 ἐ

190 310 398 361 republica
432 313 569 361 potius
604 310 832 356 moderata,
868 323 990 361 quam
1025 312 1077 350 ab
1113 325 1192 350 uno
1226 311 1383 351 infinita

191 380 407 426 speraret3
453 374 751 413 confirmandae
791 375 1015 426 complures
1047 378 1247 422 civitates,
1277 389 1382 427 quae

191 442 398 491 superiore
419 453 524 477 anno
545 440 826 490 largitionibus
847 440 1249 491 concessionibusque
1268 453 1384 491 prae-

190 506 362 542 miorum
386 509 504 542 erant
527 504 746 555 obligatae,
762 506 816 542 ‘ut
841 510 884 542 et
906 504 974 542 illa
995 518 1100 542 vana
1120 510 1316 556 putarent
1340 511 1383 544 et

192 569 337 607 eadem
352 582 376 606 a
389 568 620 606 melioribus
635 569 864 607 auctoribus
878 569 1059 619 petenda
1074 572 1355 608 existimarent
1371 582 1382 615 ;

191 633 430 672 alliciendae
451 635 575 671 etiam
592 632 821 671 voluntates
839 632 1098 684 reliquorum,
1116 636 1185 685 qui
1203 633 1382 672 finitimis

189 700 402 749 provinciis
425 697 750 748 exercitibusque
769 695 1050 748 praefuerunt,
1069 704 1117 737 ut
1135 700 1270 749 potius
1291 712 1382 737 cum

189 763 370 814 pluribus
391 751 630 800 societatem
651 761 936 800 defendendae
957 762 1157 803 libertatis
1177 765 1382 809 iniremus,

190 841 313 878 quam
330 840 423 865 cum
439 827 694 877 paucioribus
711 825 917 865 funestam
935 827 1021 865 orbi
1039 832 1239 865 terrarum
1257 830 1381 866 victo-

149 898 172 929 4
190 895 291 930 riam
311 893 568 942 partiremur.
626 890 841 929 Muniendi
862 904 957 930 vero
978 893 1214 943 nosmetipsi
1234 891 1381 931 fuimus

191 962 310 995 aucto
353 958 541 994 exercituo
577 955 815 1007 auxiliisque
856 955 1149 1006 multiplicatis,
1190 962 1250 1002 ut,
1290 970 1381 995 cum

189 1020 486 1072 praeferremus
504 1027 654 1058 'sensus
682 1026 839 1071 aperte,
866 1025 955 1059 tum
984 1023 1109 1059 etiam
1134 1023 1270 1060 invitis
1296 1024 1382 1072 qui-

189 1086 360 1124 busdam
398 1087 501 1130 sciri,
540 1084 637 1134 quid
675 1083 878 1122 defensuri
921 1098 1118 1130 essemus,
1156 1099 1237 1123 non
1275 1092 1382 1126 esset

190 1149 472 1201 periculosum.
539 1148 605 1187 Ita
640 1162 862 1199 numquam
896 1148 1098 1187 diffitebor
1132 1149 1262 1188 multa
1300 1162 1376 1197 me,

191 1220 238 1252 ut
270 1214 323 1252 ad
355 1213 545 1252 effectum
578 1213 721 1251 horum
753 1213 1007 1251 consiliorum
1037 1216 1306 1264 pervenirem,
1339 1220 1377 1254 ei

190 1278 399 1318 simulasse
419 1280 593 1316 invitum
616 1283 659 1316 et
681 1277 950 1316 dissimulasse
972 1291 1063 1316 cum
1085 1277 1236 1324 dolore,
1258 1279 1378 1329 quod,

189 1349 450 1395 praematura
484 1342 740 1380 denuntiatio
775 1343 871 1381 boni
906 1345 1001 1380 civis
1035 1345 1224 1393 imparati
1259 1356 1377 1394 quam

152 1415 173 1446 5
191 1407 416 1459 periculosa
451 1412 573 1452 esset,
609 1420 660 1444 ex
693 1419 788 1444 casu
823 1406 1003 1458 collegae
1036 1407 1237 1445 videbam.
1290 1407 1378 1455 Quo

191 1474 353 1511 nomine
390 1474 516 1510 etiam
551 1471 596 1508 O.
634 1471 781 1509 Furnio
818 1471 972 1522 legato,
1008 1473 1091 1510 viro
1126 1470 1222 1510 forti
1257 1477 1377 1522 atque

191 1542 370 1581 strenuo,
389 1535 505 1586 plura
521 1537 646 1573 etiam
661 1536 798 1580 verbo,
818 1548 940 1586 quam
959 1538 1169 1586 scriptura,
1187 1536 1382 1575 mandata

242 1719 257 1734 ⁰
281 1715 348 1752 i.e.‚
370 1715 407 1746 in
427 1713 486 1746 the
506 1723 586 1755 way
605 1712 646 1746 of
665 1714 865 1754 exemption
882 1713 975 1746 from
995 1716 1092 1746 taxes
1113 1711 1184 1745 and
1205 1716 1326 1756 grants
1344 1714 1386 1747 of
1447 1700 1448 1753 J

193 1757 416 1798 citizenship;
441 1756 509 1789 this
525 1766 596 1789 was
617 1766 683 1788 one
703 1755 743 1788 of
761 1756 821 1788 the
868 1766 1011 1798 urposoe
1033 1756 1089 1788 for
1103 1755 1217 1788 which
1234 1756 1381 1799 Antony

196 1799 283 1833 used
299 1799 457 1833 Caesar's
477 1810 524 1841 pa
570 1809 603 1831 rs
623 1797 694 1831 and
714 1798 814 1831 other
859 1801 1039 1832 ocuments
1059 1800 1268 1841 purporting·
1285 1802 1323 1832 to
1337 1800 1381 1833 be
1446 1783 1448 1810 f

198 1842 356 1894 Caesar’s
378 1842 444 1876 but
465 1852 525 1875 rea
551 1853 575 1884 y
596 1841 720 1884 forged
742 1841 792 1884 by
814 1841 993 1880 Faberius,
1016 1841 1096 1875 who
1118 1841 1188 1875 had
1214 1841 1302 1875 been
1327 1842 1380 1876 his
1446 1882 1448 1889 Ξ

193 1886 324 1962 επέῢὸ..
343 1928 484 1967 Brutus,
503 1938 581 1961 now
597 1926 759 1970 besieged
775 1928 811 1960 in
829 1927 981 1961 Mutina.
1445 1909 1448 1920 *

197 1996 274 2035 316
