1448 2236
698 55 900 95 CICERO

204 170 285 208 quo
311 171 363 196 ex
388 172 557 197 numero
582 173 626 198 se
651 173 814 211 quoque
840 173 928 198 esse
953 161 1172 206 dicebant;
1211 159 1392 198 Cassium

204 220 343 252 autem
357 227 449 252 cum
463 218 543 253 suis
557 217 742 254 omnibus
755 219 878 266 copiis
893 219 1125 262 nuntiatum
1139 229 1228 255 esse
1241 219 1392 267 quatri-

203 270 272 307 dui
301 273 381 308 iter
411 270 613 310 Laodicea
643 271 831 318 abfuisse,
861 278 951 310 tum
979 285 1071 310 cum
1101 271 1313 311 Dolabella
1341 284 1391 310 eo

203 326 408 366 tenderet.
460 327 735 375 Quamobrem
783 331 971 379 opinione
1018 328 1186 366 celerius
1234 328 1390 366 confido

202 381 554 421 sceleratissimum
578 383 777 422 latronem
801 397 953 435 poenas
978 384 1182 423 daturum.
1234 383 1390 432 Quarto

202 436 339 477 Nonas
361 438 510 485 Iunias,
534 439 702 492 Pergae.

744 594 841 634 XVI

547 711 768 738 TREBONrUs
796 712 979 738 CICERONI
1005 711 1039 740 S·

603 804 764 843 Athenis,
781 815 887 837 A.u.c.
905 806 983 837 710.

162 901 179 933 1
251 896 412 936 S.v.b.e.
467 897 652 936 Athenas
681 900 773 936 veni
801 911 838 935 a.
867 898 907 936 d.
935 910 991 936 xl.
1021 896 1113 935 Kal.
1143 897 1233 936 Iun.
1261 903 1385 948 atque

199 953 268 998 ibi,
284 954 392 1004 quod
406 956 582 991 maxime
598 954 805 1004 optabam,
820 954 900 991 vidi
916 953 1041 991 filium
1055 959 1186 999 tuum,
1201 952 1385 992 dedit-mn

199 1012 361 1059 optimis
381 1010 524 1048 studiis
544 1023 782 1060 summaque
802 1010 1027 1048 modestiae
1046 1008 1169 1048 fama.
1221 1008 1314 1056 Qua
1333 1021 1385 1047 ex

197 1078 242 1103 re
267 1072 463 1116 quantam
489 1066 740 1116 voluptatem
764 1069 954 1116 ceperim,
979 1068 1079 1104 scire
1103 1071 1234 1116 potes,
1260 1067 1385 1103 etiam

197 1135 264 1159 me
289 1128 467 1161 tacente.
521 1122 613 1160 Non
637 1124 745 1160 enim
770 1125 911 1168 nescis,
937 1124 1079 1173 quanti
1103 1127 1147 1160 te
1170 1117 1316 1159 faciam
1341 1128 1384 1160 et

198 1191 320 1228 quam
335 1191 407 1229 pro
423 1184 560 1217 nostro
575 1181 791 1217 veterrimo
806 1181 1091 1229 verissimoque
1107 1190 1244 1216 amore
1258 1179 1384 1215 omni-

196 1234 271 1272 bus
294 1237 388 1280 tuis,
411 1238 536 1273 etiam
557 1237 744 1279 minimis,
767 1235 999 1279 commodis,
1022 1247 1103 1272 non
1124 1234 1244 1272 modo
1266 1239 1383 1272 tanto

196 1291 315 1337 bono,
349 1292 564 1343 gaudeam.
618 1291 709 1329 Noli
741 1296 901 1342 putare,
934 1293 990 1328 mi
1023 1290 1176 1336 Cicero,
1208 1303 1275 1328 me
1308 1290 1383 1328 hoc

196 1348 357 1385 auribus
378 1351 457 1386 tuis
473 1348 570 1386 dare
588 1359 598 1392 ;
632 1347 730 1385 nihil
750 1347 1010 1385 adulescente
1029 1352 1115 1392 tuo,
1136 1352 1260 1397 atque
1279 1346 1382 1384 adeo
1422 1380 1426 1383 .

194 1409 331 1441 nostro
355 1404 469 1455 (nihil
492 1406 600 1442 enim
622 1403 720 1441 mihi
743 1417 767 1441 a
788 1409 832 1441 te
854 1409 992 1453 potest
1014 1415 1102 1441 esse
1124 1402 1380 1454 seiunctum),

194 1465 266 1497 aut
288 1460 497 1498 amabilius
519 1460 703 1497 omnibus
724 1462 785 1504 iis,
808 1462 877 1510 qui
899 1459 1072 1497 Athenis
1093 1464 1202 1504 sunt,
1224 1464 1287 1496 est
1309 1464 1381 1497 aut

193 1516 408 1554 studiosius
431 1529 569 1553 earum
591 1518 752 1561 artium,
774 1528 873 1566 quas
895 1521 943 1553 tu
961 1517 1138 1553 maxime
1160 1527 1285 1560 amas,
1305 1514 1380 1553 hoc

194 1578 257 1610 est
282 1575 539 1623 optimarum.
594 1571 739 1622 Itaque
765 1573 854 1617 tibi,
880 1572 989 1622 quod
1013 1584 1108 1615 vere
1133 1570 1267 1609 facere
1291 1584 1381 1622 pos-

192 1641 295 1674 sum,
308 1628 483 1667 libenter
497 1640 658 1679 quoque
671 1627 865 1678 gratulor,
880 1641 954 1665 nec
968 1630 1099 1666 minus
1115 1630 1240 1666 etiam
1253 1627 1380 1672 nobis,

193 1685 303 1736 quod
321 1698 428 1730 eum,
447 1697 570 1735 quem
587 1695 751 1721 necesse
771 1689 860 1721 erat
877 1682 1059 1734 diligere,
1078 1683 1380 1735 qualiscumque

242 1851 257 1866 ⁴¹
282 1847 350 1885 i.e.‚
374 1846 435 1879 the
459 1846 567 1887 thirty
590 1844 735 1878 soldiers
757 1843 959 1877 mentioned
982 1846 1021 1877 at
1043 1843 1102 1877 the
1124 1844 1321 1887 beginning
1340 1843 1382 1878 of
1446 1837 1448 1871 l

195 1890 265 1923 this
281 1891 424 1927 section,
441 1889 520 1921 who
536 1887 640 1920 made
655 1888 714 1920 the
728 1889 856 1929 report-

242 1934 255 1953 ¹’
281 1933 349 1965 For
365 1932 561 1965 Trebonius
578 1941 635 1964 see
651 1934 733 1963 note
748 1933 786 1963 to
801 1941 834 1962 x.
851 1931 907 1963 28.
927 1931 959 1964 1.

194 1983 270 2024 576
