1430 2242
607 28 807 68 CICERO

114 129 309 176 crudeles,
338 136 384 168 ut
412 133 542 181 ipsam
569 134 776 170 victoriam
803 132 1035 179 horrerem;
1076 135 1298 171 maximum

114 200 253 232 autem
283 207 352 232 aes
382 195 558 233 alienum
589 196 922 246 amplissimorum
951 199 1137 236 virorum.
1190 197 1297 245 Quid

115 260 305 309 quaeris?
358 259 455 297 nihil
493 261 587 298 boni
624 266 788 311 praeter
825 274 999 300 causam.
1052 261 1168 310 Quae
1205 275 1297 300 cum

114 323 314 370 vidissem,
332 324 549 375 desperans
567 327 788 371 victoriam,
805 329 980 376 primum
996 329 1110 378 coepi
1127 326 1297 365 suadere

112 401 268 438 pacem,
297 391 407 427 cuius
434 389 592 428 fueram
620 403 780 441 semper
807 396 974 436 auctor3
1016 391 1177 437 deinde,
1205 404 1297 429 cum

112 453 165 491 ab
189 466 237 490 ea
257 456 462 491 sententia
484 454 698 505 Pompeius
719 454 836 493 valde
858 455 1106 501 abhorreret,
1127 455 1297 494 suadere

113 519 283 564 institui,
303 523 349 556 ut
367 518 518 556 bellum
536 519 717 558 duceret.
771 520 859 558 Hoc
877 520 1081 558 interdum
1098 520 1297 571 probabat

114 588 158 620 et
177 585 219 620 in
240 596 289 620 ea
309 586 513 622 sententia
533 584 747 622 videbatur
766 583 866 630 fore,
888 590 931 622 et
950 583 1094 623 fuisset
1112 584 1296 639 fortasse,

112 650 185 685 nisi
214 648 389 698 quadam
416 661 467 686 ex
492 661 631 700 pugna
656 651 855 699 coepisset
881 651 961 687 suis
987 649 1179 688 militibus
1205 663 1297 687 eon-

113 711 250 750 fidere.
303 713 366 750 Ex
412 726 460 751 eo
503 718 688 764 tempore
732 716 791 751 vir
833 713 900 751 ille
943 726 1122 752 summus
1165 713 1296 752 nullus

112 779 330 827 imperator
349 776 440 815 fuit.
494 777 630 829 Signa,
651 780 781 816 tirone
804 783 846 816 et
866 777 1081 816 collectitio
1103 781 1296 824 exercitu,

111 855 204 879 cum
230 841 455 893 legionibus
483 843 767 880 robustissimis
795 842 979 880 contulit.
1031 842 1184 888 Victus,
1213 848 1297 881 tur-

72 911 94 944 3
111 909 274 956 pissime
293 909 446 944 amissis
468 909 591 944 etiam
611 909 764 952 castris,
784 907 888 945 solus
907 906 1027 958 fugit.
1081 907 1200 945 Hunc
1220 920 1296 958 ego

112 971 208 1010 mihi
233 971 327 1009 belli
353 971 475 1009 finem
498 971 590 1017 feci,
615 985 690 1009 nee
713 974 867 1022 putavi,
892 985 984 1009 cum
1007 974 1156 1023 integri
1178 985 1296 1023 pares

113 1049 193 1074 non
217 1034 444 1082 fuissemus,
468 1035 617 1074 fractos
644 1039 866 1087 superiores
891 1035 991 1074 fore.
1045 1036 1219 1074 Discessi
1244 1036 1296 1075 ab

114 1113 162 1138 eo
188 1100 307 1146 bello,
333 1103 375 1138 in
402 1114 482 1152 quo
508 1107 581 1139 aut
607 1104 649 1138 in
674 1103 760 1139 acie
787 1100 1014 1139 cadendum
1038 1099 1130 1146 fuit,
1157 1106 1230 1139 aut
1255 1103 1297 1139 in

113 1165 265 1216 aliquas
304 1165 464 1204 insidias
503 1166 774 1211 incidendum,
811 1171 884 1203 aut
921 1164 1219 1204 deveniendum
1255 1168 1297 1203 in

112 1233 270 1268 victoris
305 1244 460 1276 manus,
494 1235 567 1268 aut
599 1230 652 1269 ad
687 1230 831 1268 Iubam
864 1229 1190 1281 confugiendum,
1224 1236 1297 1269 aut

111 1295 329 1346 capiendus
362 1301 572 1346 tamquam
605 1294 742 1333 exsilio
773 1295 882 1332 locus
913 1300 986 1332 aut
1017 1295 1297 1333 consciscenda

112 1373 217 1398 mors
249 1360 485 1398 voluntaria.
539 1359 660 1397 Certe
692 1359 790 1398 nihil
821 1359 899 1397 fuit
930 1364 1156 1410 praeterea,
1188 1361 1222 1397 si
1253 1365 1297 1398 te

111 1427 251 1463 victori
291 1424 430 1470 nolles,
467 1430 539 1462 aut
576 1438 657 1462 non
693 1424 876 1470 auderes,
913 1426 1180 1462 committere.
1233 1424 1296 1462 Ex

113 1490 296 1528 omnibus
336 1495 476 1527 autem
516 1491 576 1533 iis,
617 1502 723 1540 quae
762 1489 860 1533 dixi,
899 1487 1159 1526 incommodis
1199 1487 1297 1526 nihil

112 1553 357 1592 tolerabilius
390 1553 541 1599 exsilio,
571 1556 811 1604 praesertim
840 1555 1058 1599 innocenti,
1089 1553 1158 1590 ubi
1188 1552 1298 1590 nulla

112 1619 302 1657 adiuncta
331 1623 394 1656 est
421 1617 659 1668 turpitud03
701 1618 806 1656 addo
836 1620 973 1663 etiam,
1001 1630 1093 1655 cum
1121 1629 1170 1655 ea
1198 1617 1296 1655 urbe

160 1800 290 1832 “That
308 1810 392 1832 near
407 1798 681 1840 Dyrrhachium,
698 1798 801 1830 when
819 1797 979 1839 Pompey
994 1807 1068 1830 was
1083 1798 1286 1830 victorious.

162 1843 175 1864 ¹³
200 1842 321 1875 Cicero
345 1841 554 1884 deprecated
580 1840 749 1883 Pompey'
752 1851 768 1873 s
791 1840 923 1882 calling
945 1841 981 1872 in
1005 1839 1066 1873 the
1088 1839 1147 1873 aid
1171 1839 1211 1872 of
1237 1840 1297 1873 the

115 1886 305 1919 barbarian
321 1885 412 1927 king
428 1885 468 1917 of
481 1884 664 1917 Numidia.

122 1964 169 2004 16
