1448 2236
674 75 875 115 CICERO

179 182 357 218 maxima
382 193 429 218 ac
452 180 626 231 plurima
648 193 716 219 me
739 181 816 219 tibi
840 180 1004 220 debere.
1059 181 1125 220 De
1149 181 1210 221 his
1233 183 1369 229 rebus,

181 255 228 289 ut
267 253 453 302 exigeret
491 264 583 288 cum
623 264 685 296 eo,
724 251 872 290 Furnio
909 252 1111 290 mandavi.
1165 252 1285 300 Quod
1321 255 1369 299 si,

181 327 378 372 quantam
411 321 556 367 debeo,
589 321 768 360 habuero
802 322 911 373 apud
944 335 1037 360 eum
1070 325 1369 369 auctoritatem,

143 399 163 431 8
178 391 396 442 plurimum
425 394 558 442 ipsum
586 394 738 430 iuvero.
791 391 874 431 Nos
903 395 1061 431 interea
1089 393 1249 432 duriore
1277 407 1370 432 con·

181 463 339 500 dicione
364 462 516 500 bellum
542 465 800 508 sustinemus,
825 463 935 514 quod
958 476 1093 514 neque
1119 463 1370 514 expeditissi-

181 546 291 570 mam
302 533 604 571 dimicationem
615 539 821 584 putamus,
833 546 968 584 neque
979 539 1120 572 tamen
1130 533 1369 586 refugiendo

181 605 430 642 commissuri
450 616 601 648 sumus,
620 609 668 642 ut
685 606 815 642 maius
835 604 1127 643 detrimentum
1145 605 1371 655 respublica

182 676 364 725 accipere
392 676 532 724 possit.
586 673 706 721 Quod
734 677 767 712 si
797 679 868 713 aut
897 673 1046 713 Caesar
1072 687 1117 713 se
1143 678 1370 726 respexerit

181 750 253 782 aut
288 742 504 782 Africanae
539 744 720 795 legiones
755 744 943 783 celeriter
978 747 1176 791 venerint,
1209 758 1369 784 securos

179 828 249 854 vos
276 815 328 853 ab
355 814 430 853 hac
454 820 573 865 parte
598 815 828 853 reddemus.
881 815 956 861 Tu,
982 821 1029 854 ut
1054 817 1280 862 instituisti,
1301 829 1369 854 me

180 885 322 936 diligas
344 897 456 936 rogo,
479 887 722 936 proprieque
745 891 862 923 tuum
887 898 988 931 esse,
1011 886 1088 924 tibi
1107 886 1368 937 persuadeas.

178 967 220 994 v.
239 954 330 993 Kal.
349 954 462 994 Sext.
482 968 533 994 ex
550 958 704 994 castris.

717 1207 835 1246 XXV

553 1327 693 1353 CICERO
720 1326 752 1352 s.
780 1327 820 1352 n.
847 1326 999 1353 FURNIO

594 1418 741 1457 Romae,
758 1428 864 1451 A.u.c.
883 1420 960 1451 711.

143 1520 160 1552 1
231 1513 272 1551 Si
312 1515 499 1558 interest,
539 1512 581 1550 id
620 1512 730 1563 quod
771 1511 951 1550 homines
993 1511 1254 1558 arbitrantur,
1292 1515 1371 1551 rei-

180 1583 365 1635 publicae
378 1588 436 1628 te,
449 1588 496 1620 ut
507 1584 719 1620 instituisti
733 1587 858 1632 atque
870 1581 1018 1627 fecisti,
1029 1595 1178 1620 navare
1191 1595 1370 1632 operam,
1433 1619 1438 1622 .

180 1655 384 1704 rebusque
407 1654 607 1697 maximis,
633 1664 739 1702 quae
765 1652 817 1690 ad
842 1652 1157 1703 exstinguendas
1181 1651 1370 1703 reliquias

181 1724 277 1764 belli
298 1725 522 1774 pertinent,
545 1724 756 1767 interesse,
780 1721 878 1759 nihil
900 1721 1046 1759 videris
1069 1721 1212 1760 melius
1235 1735 1370 1773 neque

180 1794 420 1833 laudabilius
448 1806 583 1843 neque
611 1791 818 1830 honestius
846 1790 980 1829 facere
1007 1804 1140 1841 posse,
1167 1794 1370 1843 istamque

575 1959 590 1974 ‘⁸
614 1953 680 1987 See
696 1956 777 1987 note
792 1957 829 1986 to
845 1964 877 1986 x.
894 1955 927 1986 2.
948 1955 977 1987 1.

186 2011 262 2047 378
