1448 2236
691 57 892 97 CICERO

197 161 287 196 misi
305 171 315 204 3
346 162 470 198 etiam
488 166 748 211 praetextam
767 165 799 200 si
819 163 928 202 voles
946 163 1098 216 legere,
1113 164 1277 203 Gallum
1291 164 1386 205 Cor-

192 221 365 322 gglium,
384 221 624 262 familiarem
646 237 798 271 meum,
817 228 983 276 poscito.
1039 239 1095 265 vl.
1119 226 1217 266 Idus
1236 226 1386 274 Iunias,

251 283 393 323 rduba.

699 470 884 509 XXXIII

554 568 690 595 POLLIO
718 571 903 596 emanom
929 571 962 597 s.
990 562 1028 598 Ῥ.

582 643 781 682 Cordubae,
799 655 904 678 A.u.c.
923 647 1001 678 711.

156 726 173 759 1
246 719 531 772 S.v.b.e.e.q.v.
572 721 663 768 Quo
678 722 832 760 tardius
845 724 992 761 certior
1004 722 1144 761 fierem
1159 721 1211 761 de
1224 721 1385 773 proeliis

196 782 305 832 apud
349 782 555 821 Mutinam
597 782 728 829 factis,
772 783 950 835 Lepidus
990 784 1137 830 effecit,
1168 786 1237 835 qui
1273 797 1385 822 meos

194 844 426 882 tabellarios
462 858 608 883 novem
651 845 737 883 dies
771 848 971 891 retinuit;
1021 848 1188 884 tametsi
1225 850 1385 884 tantam

194 905 471 945 calamitatem
489 907 736 958 reipublicae
760 921 883 958 quam
909 908 1138 946 tardissime
1156 907 1297 946 audire
1315 920 1385 958 op—

193 968 365 1006 tandum
398 974 488 1014 est3
533 969 607 1007 sed
643 969 734 1015 illis,
763 972 832 1020 qui
865 970 1057 1021 prodesse
1085 969 1184 1008 nihil
1214 974 1385 1020 possunt

193 1043 328 1080 neque
361 1030 529 1068 mederi.
583 1031 722 1082 Atque
756 1034 912 1070 utinam
947 1032 1092 1070 eodem
1125 1037 1385 1070 senatuscon-

193 1091 314 1137 sulto,
331 1104 411 1143 quo
428 1091 621 1130 Plancum
638 1098 681 1132 et
698 1093 900 1144 Lepidum
914 1095 956 1132 in
974 1093 1135 1132 Italiam
1152 1094 1384 1138 arcessistis,

192 1167 260 1192 me
274 1166 436 1205 quoque
450 1157 664 1193 iussissetis
678 1157 816 1193 venire
834 1154 843 1193 !
871 1154 1055 1206 profecto
1068 1169 1150 1193 non
1164 1156 1385 1205 accepisset

193 1216 420 1266 respublica
436 1215 511 1254 hoc
529 1216 685 1254 vulnus.
740 1216 831 1264 Quo
849 1219 882 1255 si
900 1219 969 1268 qui
986 1216 1193 1255 laetantur
1209 1218 1252 1254 in
1268 1228 1384 1266 prae-

192 1280 338 1323 sentia,
366 1279 461 1328 quia
487 1278 676 1316 videntur
703 1284 747 1317 et
773 1278 895 1316 duces
923 1284 967 1317 et
991 1280 1176 1317 veterani
1201 1277 1383 1316 Caesaris

192 1341 370 1390 partium
413 1341 628 1385 interiisse,
670 1345 812 1378 tamen
853 1340 1068 1390 postmodo
1111 1352 1278 1378 necesse
1321 1344 1384 1377 est

193 1400 372 1446 doleant,
400 1414 493 1439 cum
519 1403 759 1440 vastitatem
788 1401 931 1440 Italiae
958 1403 1225 1452 respexerint.
1278 1400 1384 1438 Nam

194 1468 238 1500 et
256 1463 378 1500 robur
398 1468 442 1501 et
460 1462 620 1501 suboles
643 1463 819 1500 militum
837 1465 1007 1510 interiit,
1026 1465 1059 1502 si
1079 1463 1259 1514 quidem,
1278 1475 1384 1513 quae

153 1528 174 1561 2
193 1527 446 1569 nuntiantur,
481 1524 563 1562 ulla
597 1538 648 1562 ex
682 1530 800 1575 parte
834 1538 931 1563 vera
962 1529 1071 1563 sunt.
1125 1524 1270 1575 Neque
1307 1537 1383 1575 ego
1440 1572 1448 1581 Ἴ,

192 1600 273 1624 non
291 1585 494 1631 videbam,
513 1591 666 1637 quanto
686 1589 774 1624 usui
793 1586 1039 1638 reipublicae
1059 1599 1189 1625 essem
1207 1583 1384 1631 futurus,

193 1650 224 1686 si
241 1648 293 1685 ad
309 1647 511 1698 Lepidum
525 1650 725 1686 venissem
742 1660 753 1694 ;
782 1661 945 1686 omnem
960 1650 1068 1686 enim
1082 1649 1383 1686 cunctationem

193 1711 279 1747 eius
302 1709 590 1755 discussissem,
614 1712 855 1760 praesertim
880 1710 1064 1748 adjutore
1089 1708 1250 1747 Planco.
1302 1707 1384 1746 Sed
1440 1725 1448 1769 «Ι

242 1861 257 1876 ‘²
282 1856 423 1890 Pollio’s
446 1856 589 1890 dramas
612 1856 683 1890 had
706 1868 728 1889 a
741 1860 852 1932 (preat
874 1860 1146 1899 contemporary
1167 1866 1295 1899 vogue,
1318 1855 1384 1889 but
1435 1843 1437 1846 ¹

195 1903 257 1932 not
273 1911 340 1933 one
356 1899 396 1933 of
409 1899 505 1932 them
522 1900 586 1933 has
603 1901 739 1933 survive
767 1924 776 1933 .

248 1942 262 1962 ὸ
285 1943 351 1976 See
367 1946 447 1976 note
462 1954 484 1975 a
500 1954 546 1976 on
561 1953 596 1985 p.
613 1945 691 1975 404.

196 1998 274 2032 412
