1448 2236
680 87 880 128 CICERO

712 235 850 274 XXIV

307 347 478 375 PLANCUS
506 349 594 375 IMP.
622 350 730 376 CONS.
759 350 915 378 DESIGN.
941 351 974 378 S.
1002 352 1042 378 D.
1069 352 1254 379 CICERONI

493 430 536 464 In
552 433 676 466 castris
693 431 850 472 Gallicis,
867 444 973 467 Anu-c.
991 436 1070 468 711.

147 522 165 555 1
237 518 388 557 Facere
415 533 497 558 non
523 532 702 570 possum,
726 523 824 572 quin
849 524 891 559 in
916 522 1092 573 singulas
1119 535 1184 561 res
1211 524 1374 561 merita-

186 595 266 634 que
303 589 377 622 tua
413 585 489 622 tibi
525 587 677 635 gratias
711 598 844 636 agam.
897 585 979 625 Sed
1013 586 1244 626 mehercule
1270 585 1374 625 facio

185 661 278 685 cum
299 648 467 699 pudore.
522 649 667 700 Neque
689 652 797 688 enim
818 656 938 690 tanta
957 651 1228 698 necessitudo,
1249 664 1374 703 quan-

185 718 272 751 tam
296 718 343 751 tu
366 713 465 751 mihi
488 719 627 752 tecum
651 728 740 753 esse
763 715 938 761 voluisti,
961 715 1192 755 desiderare
1214 716 1375 755 videtur

185 780 409 828 gratiarum
425 781 641 825 actionem,
657 793 791 830 neque
809 793 884 831 ego
899 780 1089 819 lubenter
1101 794 1175 831 pro
1189 782 1373 818 maximis

184 844 265 880 tuis
281 842 487 881 beneficiis
501 848 589 881 tam
603 843 669 882 vili
685 857 854 882 munere
869 843 1069 896 defungor
1082 847 1273 884 orationis
1290 857 1301 890 ;
1330 850 1375 884 et

184 906 292 945 malo
320 920 513 958 praesens
542 909 812 955 observantia,
841 909 1108 961 indulgentia,
1138 909 1374 948 assiduitate

184 984 408 1010 memorem
426 985 493 1010 me
511 973 586 1011 tibi
604 973 790 1024 probare.
843 973 965 1021 Quod
981 976 1015 1012 si
1032 973 1130 1012 mihi
1147 976 1232 1013 vita
1248 975 1375 1034 conti-
1446 983 1448 985 ’

183 1038 305 1087 gerit,
319 1050 459 1075 omnes
472 1043 610 1088 gratas
625 1040 822 1076 amicitias
837 1044 962 1089 atque
977 1041 1102 1077 etiam
1114 1040 1202 1089 pias
1213 1040 1375 1089 propin·
1446 1075 1448 1083 ,

185 1103 365 1151 quitates
388 1103 430 1139 in
453 1107 527 1140 tua
550 1102 820 1148 observantia,
843 1102 1111 1154 indulgentia,
1135 1102 1373 1141 assiduitate
1444 1115 1448 1141 .·

185 1168 357 1204 vincam.
411 1166 538 1205 Amor
558 1169 666 1204 enim
686 1173 781 1205 tuus
802 1180 848 1205 ac
867 1167 1059 1205 iudicium
1078 1167 1132 1206 de
1150 1180 1218 1206 me
1236 1173 1373 1206 utrum

184 1229 283 1267 mihi
299 1230 389 1280 plus
407 1231 618 1281 dignitatis
634 1233 676 1269 in
693 1237 953 1282 perpetuum,
971 1245 1023 1270 an
1039 1231 1258 1283 voluptatis
1276 1244 1374 1283 quo-
1390 1276 1395 1280 ,

144 1299 166 1331 2
184 1294 286 1332 tidie
311 1297 364 1332 sit
390 1295 597 1341 allaturus,
622 1309 704 1334 non
728 1294 846 1334 facile
871 1296 1055 1334 dixerim.
1109 1295 1175 1334 De
1198 1295 1371 1334 militum

184 1359 403 1397 commodis
430 1358 508 1397 fuit
535 1360 610 1398 tibi
635 1373 784 1405 curae;
826 1373 925 1411 quos
953 1373 1030 1411 ego
1055 1373 1137 1399 non
1161 1362 1372 1411 potentiae

185 1436 303 1461 meae
327 1436 449 1462 causa
472 1423 588 1475 (nihil
612 1427 720 1462 enim
744 1438 810 1462 me
834 1438 916 1462 non
939 1424 1171 1463 salutariter
1192 1427 1372 1475 cogitare
1434 1420 1435 1423 ¹

186 1487 282 1538 scio)
310 1490 443 1526 ornari
469 1488 575 1526 volui
603 1501 627 1526 a
653 1494 826 1534 senatu3
867 1489 940 1527 sed
964 1491 1154 1539 primum,
1179 1488 1289 1540 quod
1313 1491 1372 1526 ita

183 1554 349 1590 meritos
378 1552 634 1597 iudicabam3
678 1553 841 1598 deinde,
870 1553 980 1604 quod
1009 1553 1062 1591 ad
1089 1565 1229 1591 omnes
1257 1565 1372 1590 casus

184 1618 477 1655 coniunctiores
504 1617 748 1667 reipublicae
777 1630 865 1655 esse
891 1617 1104 1663 volebam3
1145 1619 1371 1662 novissime,

184 1687 232 1719 ut
260 1682 312 1719 ab
341 1683 450 1720 omni
478 1683 657 1719 omnium
685 1681 966 1720 sollicitatione
995 1694 1154 1720 aversos
1178 1695 1246 1720 eos
1267 1681 1371 1719 tales

145 1751 166 1783 3
185 1746 296 1784 vobis
316 1751 526 1797 praestare
547 1758 721 1796 possem,
743 1746 883 1797 quales
905 1745 1036 1784 adhuc
1057 1738 1236 1784 fuerunt.
1288 1745 1371 1784 Nos

239 1891 254 1906 ‘¹
278 1886 385 1919 “The
406 1886 519 1928 cheap
543 1897 714 1929 eurrency
735 1885 777 1920 of
796 1886 912 1920 words
923 1885 944 1901 ”
968 1887 997 1921 is
1019 1885 1129 1920 taken
1151 1885 1244 1920 from
1267 1885 1304 1919 S.
1320 1885 1369 1920 H.

190 1928 214 1962 J
216 1929 327 1992 eges’s
343 1929 564 1963 translation.

279 1971 336 2014 Cf.
351 1972 421 2015 Ep.
439 1975 472 2006 8.
490 1975 509 2005 7
524 1973 572 2006 ad
579 1974 649 2016 fin.

189 2027 265 2064 372
