1448 2236
690 41 892 85 CICERO

194 143 456 182 stulationem
478 149 522 182 et
543 146 714 182 nominis
735 144 983 183 delationem
1005 159 1106 184 uxor
1127 160 1152 184 a
1173 147 1381 187 Dolabella

195 198 391 236 discessit.
444 197 554 245 Quid
582 197 679 235 mihi
709 198 919 237 discedens
948 200 1165 246 mandaris,
1192 205 1384 249 memini;

194 251 291 302 quid
308 264 383 302 ego
398 251 474 288 tibi
488 254 727 302 scripserim,
742 257 786 289 te
800 265 881 290 non
896 253 1067 291 arbitror
1081 253 1265 294 oblitum.
1294 255 1384 294 Non

195 311 258 343 est
276 308 357 342 iam
376 310 538 355 tempus
557 304 672 355 plura
690 306 892 344 narrandi.
947 306 1086 345 Unum
1103 307 1202 346 illud
1219 321 1384 348 monere

194 364 237 397 te
251 372 415 409 possum
433 372 442 396 :
472 361 504 396 si
518 371 582 396 res
597 359 672 396 tibi
687 372 767 397 non
782 359 1023 410 displicebit,
1038 366 1178 399 tamen
1192 362 1267 400 hoc
1281 368 1384 401 tem-

193 425 291 463 pore
318 411 416 450 nihil
442 412 494 450 de
520 418 593 450 tua
619 412 829 451 voluntate
856 414 1060 460 ostendas,
1088 420 1132 453 et
1158 422 1384 467 exspectes,

194 466 536 517 quemadmodum
554 471 676 504 exeat
692 479 742 504 ex
758 466 834 505 hac
849 480 969 505 causa
987 481 997 514 ;
1027 468 1203 519 denique
1218 470 1383 509 invidio-

193 533 282 558 sum
307 520 382 558 tibi
407 522 473 565 sit,
498 522 531 557 si
557 523 767 558 emanarit.
822 520 957 567 Porro,
982 522 1221 572 significatio
1246 523 1326 562 ulla
1349 527 1382 563 si

193 576 479 619 intercesserit,
499 573 655 619 clarius,
675 587 797 625 quam
817 574 962 613 deceat
981 581 1054 614 aut
1073 577 1279 627 expediat,
1298 577 1383 616 fiat.

194 627 338 678 Neque
351 627 418 665 ille
432 633 570 665 tacere
585 640 676 665 eam
688 641 776 665 rem
788 631 955 678 poterit,
969 642 1074 680 quae
1088 642 1185 668 suae
1199 633 1285 681 spei
1299 636 1385 669 tam

193 687 423 732 opportuna
451 681 655 727 acciderit,
685 694 847 732 quaque
875 684 917 719 in
945 685 1110 733 negotio
1139 683 1402 723 conficiendo⁴

193 740 311 773 tanto
341 734 531 772 illustrior
556 737 662 780 erit3
707 748 799 772 cum
823 738 1063 786 praesertim
1088 739 1121 775 is
1151 739 1217 783 sit,
1243 741 1326 789 qui,
1351 741 1384 777 si

191 791 460 840 perniciosum
478 790 598 826 sciret
618 801 706 826 esse
724 789 832 840 loqui
857 789 910 827 de
927 789 1003 827 hac
1023 803 1082 836 re,
1100 793 1166 828 vix
1184 796 1324 830 tamen
1340 805 1384 830 se

153 848 174 881 3
192 845 433 881 contineret.
487 842 702 892 Pompeius
735 842 881 881 dicitur
912 843 1030 881 valde
1057 856 1130 894 pro
1168 845 1302 895 Appio
1328 845 1385 883 la-

192 897 349 941 borare,
368 901 416 934 ut
434 898 559 933 etiam
576 901 726 946 putent
744 896 919 934 alterum
937 902 1074 935 utrum
1091 897 1144 936 de
1163 897 1252 936 filiis
1269 899 1324 937 ad
1340 904 1384 937 te
1430 893 1432 895 ’

192 953 419 988 missurum.
473 949 550 987 Hic
576 962 649 987 nos
675 963 815 988 omnes
842 949 1111 996 absolvimus3
1153 956 1196 989 et
1222 951 1384 991 hercule

192 1009 388 1055 consepta
410 1005 545 1041 omnia
567 1002 688 1041 foeda
713 1009 756 1042 et
780 1003 994 1042 inhonesta
1017 1009 1125 1043 sunt.
1191 1004 1383 1044 Consules

192 1063 334 1096 autem
359 1057 556 1095 habemus
582 1070 740 1095 summa
765 1057 1003 1108 diligentia;
1044 1058 1176 1102 adhuc
1201 1065 1384 1098 senatus·
1432 1102 1435 1103 ⁷

193 1110 434 1156 consultum,
450 1113 525 1148 nisi
541 1110 593 1148 de
609 1109 718 1149 feriis
736 1110 905 1156 Latinis,
921 1110 1076 1149 nullum
1090 1111 1226 1150 facere
1240 1118 1384 1164 potue·
1417 1142 1425 1148 .

154 1172 175 1202 4
194 1170 301 1203 runt.
365 1164 528 1202 Curioni
565 1170 703 1202 nostro
740 1165 971 1203 tribunatus
1009 1164 1247 1216 conglaciat.
1302 1165 1383 1206 Sed

193 1220 282 1258 dici·
299 1232 380 1257 non
407 1223 558 1269 potest,
588 1218 789 1268 quomodo
818 1218 881 1256 hic
910 1221 1045 1257 omnia
1071 1221 1244 1258 iaceant.
1297 1220 1380 1258 Nisi

244 1317 260 1333 ¹²
281 1313 357 1346 The
372 1312 566 1354 postulatio
585 1323 656 1345 was
674 1312 734 1345 the
752 1311 828 1345 first
845 1315 922 1354 step
942 1314 977 1344 in
995 1323 1018 1345 a
1035 1312 1208 1346 trial—an
1226 1313 1383 1355 applica-

198 1358 272 1390 tion
287 1355 392 1389 made
405 1359 442 1389 to
455 1355 516 1388 the
529 1359 670 1398 praetor
682 1355 732 1398 by
744 1355 805 1388 the
817 1365 961 1388 accuser
972 1355 1028 1388 for
1040 1355 1139 1389 leave
1149 1358 1187 1389 to
1199 1360 1382 1398 prosecute

195 1411 218 1433 a
246 1399 390 1433 definite
418 1398 614 1431 individual
642 1409 687 1431 on
716 1409 739 1431 a
767 1398 910 1431 definite
937 1398 1079 1441 charge.
1125 1398 1201 1432 The
1227 1400 1381 1432 nominis

197 1443 328 1477 delatio
339 1453 411 1475 was
426 1442 486 1475 the
498 1445 580 1474 next
591 1445 679 1484 step,
693 1452 790 1474 more
804 1441 932 1474 formal
947 1441 1019 1475 and
1033 1441 1197 1474 detailed.

242 1487 255 1507 ⁶
279 1486 331 1518 As
353 1489 391 1518 to
413 1485 582 1527 selecting
602 1495 625 1518 a
646 1485 742 1518 third
765 1484 929 1518 husband
950 1484 1006 1518 for
1028 1484 1180 1518 Cicero's
1205 1484 1381 1527 daughter
1434 1511 1435 1515 ,

196 1528 324 1567 Tullia,
346 1528 426 1561 who
447 1528 519 1561 had
545 1530 581 1561 in
607 1530 651 1561 63
677 1527 829 1561 married
855 1528 894 1561 C.
918 1527 1131 1570 Calpurnius
1153 1527 1234 1561 Piso
1259 1528 1380 1571 Frugi,

197 1572 277 1605 who
296 1571 390 1610 died,
409 1571 482 1604 and
502 1573 538 1604 in
558 1573 601 1604 56
623 1571 749 1604 Furius
769 1570 960 1614 Crassipes,
979 1571 1072 1604 from
1091 1571 1209 1604 whom
1226 1571 1290 1605 she
1308 1582 1380 1605 was

198 1626 278 1648 now
292 1614 469 1647 divorced.
1433 1622 1435 1624 ·

244 1662 256 1678 ⁶
279 1657 373 1690 That
388 1657 504 1690 Tullia
520 1656 647 1689 should
664 1667 784 1699 marry
800 1656 996 1690 Dolabella.

242 1701 259 1722 ⁶
283 1700 336 1735 Of
353 1700 543 1742 Pompey's
562 1703 632 1732 two
651 1710 746 1738 sons,
765 1699 826 1733 the
845 1700 952 1738 elder,
973 1700 1130 1738 Gnaeus,
1149 1698 1300 1732 married
1319 1699 1380 1732 the

195 1744 372 1786 daughter
392 1743 433 1776 of
456 1744 595 1785 Appius
614 1742 785 1775 Claudius
810 1743 871 1785 (cf.
893 1744 940 1775 iii.
961 1745 995 1775 4.
1014 1742 1075 1783 2);
1108 1742 1154 1775 he
1172 1752 1244 1775 was
1270 1741 1378 1775 killed
1435 1756 1439 1766 ··

195 1798 282 1821 soon
295 1787 387 1820 aster
400 1787 454 1819 his
468 1786 586 1819 defeat
599 1789 637 1818 at
655 1785 795 1818 Munda
809 1787 845 1818 in
859 1788 915 1818 45.
962 1785 1038 1818 The
1051 1796 1223 1827 younger,
1239 1784 1378 1823 Sextus,
1436 1827 1438 1829 ‚

196 1841 267 1863 was
292 1829 435 1862 famous
460 1829 552 1862 after
578 1828 738 1862 Caesar's
764 1827 871 1861 death
898 1838 938 1861 as
965 1827 987 1841 “
1003 1827 1079 1861 lord
1107 1828 1148 1861 of
1171 1827 1255 1861 Sicil
1306 1827 1378 1861 and
1438 1842 1440 1845 ·

194 1873 255 1958 {Ibe
285 1873 400 1956 seas,’)'
431 1871 503 1906 and
535 1873 564 1906 is
593 1871 705 1905 called
738 1871 759 1884 ‘⁸
775 1871 856 1904 Dux
890 1871 1090 1913 Neptunius
1106 1871 1126 1884 ’'
1159 1871 1208 1913 by
1276 1881 1377 1904 orace
1436 1850 1448 1931 Ξ

240 1927 279 1958 p.
297 1917 342 1948 ix.
360 1919 379 1949 7
399 1939 408 1949 .

203 1973 276 2006 122
