1448 2236
664 49 866 89 CICERO

130 162 151 193 5
169 153 283 205 Rogo
306 167 389 199 vos,
414 166 536 205 quam
562 156 737 204 primum
763 155 862 193 mihi
887 151 1250 209 reseribatissspam
1273 171 1354 197 non

168 218 323 263 dubito,
340 220 438 269 quin
451 218 512 256 his
527 218 580 256 de
593 219 714 257 rebus
729 225 826 258 ante
841 220 981 259 horam
995 227 1183 273 quartam
1197 222 1352 261 Hirtius

168 285 381 321 certiorem
395 296 462 320 me
477 286 530 321 sit
547 282 743 335 facturus)
758 297 768 330 ;
797 298 919 336 quem
933 288 977 323 in
994 285 1127 324 locum
1140 291 1353 326 convenire

128 356 148 387 6
165 350 375 398 possimus,
409 361 488 398 quo
524 361 591 386 me
628 348 759 387 velitis
795 353 945 396 venire,
981 351 1203 391 rescribite.
1256 351 1354 391 Post

167 415 425 450 novissimum
472 413 577 451 Hirti
630 426 858 452 sermonem
908 415 1102 466 placitum
1148 422 1211 454 est
1255 417 1353 455 mihi

165 477 384 528 postulare,
429 483 477 515 ut
519 477 661 516 liceret
704 479 818 517 nobis
865 492 952 518 esse
996 480 1150 519 Romae
1193 481 1353 532 publico

165 542 392 593 praesidi03
439 542 548 593 quod
578 542 664 581 illos
695 544 809 582 nobis
840 557 1096 583 concessuros
1126 558 1210 583 non
1238 552 1352 597 puto.

167 607 364 658 Magnam
392 609 500 644 enim
526 607 717 646 invidiam
743 611 790 646 iis
817 607 1024 648 faciemus.
1078 609 1187 648 Nihil
1213 616 1353 649 tamen

166 685 247 710 non
282 672 571 722 postulandum
604 675 760 724 putavi,
794 673 903 725 quod
938 687 1115 726 aequum
1153 687 1241 713 esse
1272 681 1354 714 sta-

164 742 339 776 tuerem.

726 933 770 972 II

268 1050 421 1076 BRUTUS
447 1050 499 1076 ΕΤ
525 1050 674 1076 CASSIUS
702 1050 869 1077 PRAETT.
897 1050 941 1076 M.
969 1051 1144 1078 ANTONIO
1169 1052 1251 1080 008.

575 1149 724 1188 Lanuvi,
742 1161 846 1183 A.U.c.
865 1152 885 1183 ⁷
891 1152 942 1184 10.

126 1242 143 1276 1
217 1237 282 1274 De
301 1241 374 1274 tua
393 1235 473 1274 fide
494 1241 537 1273 et
555 1235 840 1274 benevolentia
858 1238 901 1273 in
919 1249 990 1274 nos
1014 1238 1089 1275 nisi
1114 1250 1351 1288 persuasum

164 1307 271 1339 esset
300 1301 428 1346 nobis,
459 1313 541 1338 non
570 1303 938 1351 conscripsissemus
969 1301 1069 1340 haec
1098 1302 1200 1347 tibi;
1245 1315 1351 1353 quae

161 1365 357 1417 profecto,
384 1365 546 1416 quando
571 1367 694 1403 istum
719 1367 898 1403 animum
922 1364 1062 1411 habes,
1086 1367 1130 1404 in
1154 1369 1350 1417 optimam

160 1436 320 1482 partem
350 1432 534 1480 accipies.
603 1428 798 1467 Scribitur
827 1430 941 1467 nobis
971 1443 1163 1482 magnam
1191 1436 1349 1469 vetera-

161 1508 303 1533 norum
327 1494 631 1532 multitudinem
656 1493 826 1531 Romam
850 1497 1083 1532 convenisse
1106 1497 1201 1540 iam,
1227 1491 1349 1534 ef‘aa

163 1559 366 1597 Kalendas
392 1558 526 1596 Iunias
548 1557 728 1596 futuram
751 1558 880 1596 multo
903 1561 1109 1597 maiorem.
1159 1559 1226 1597 De
1247 1564 1292 1598 te
1314 1562 1348 1598 si

159 1625 391 1662 dubitemus
429 1628 502 1660 aut
537 1635 762 1668 vereamur,
801 1625 922 1660 simus
960 1625 1087 1661 nostri
1124 1623 1346 1663 dissimiles.

159 1688 240 1727 Sed
256 1694 381 1733 certe,
398 1701 490 1725 cum
506 1689 581 1737 ipsi
598 1689 640 1724 in
656 1692 728 1724 tua
744 1692 952 1737 potestate
969 1686 1177 1733 fuerimus,
1194 1693 1348 1739 tuoque

159 1753 324 1791 adducti
356 1751 518 1790 consilio
551 1751 817 1789 dimiserimus
851 1763 902 1789 ex
934 1753 1158 1802 municipiis
1190 1757 1348 1791 nostros

208 1886 223 1902 '¹
247 1881 370 1914 About
383 1880 486 1922 April
498 1882 543 1912 25
557 1880 704 1921 Antony
718 1879 789 1912 had
828 1889 896 1912 one
908 1889 955 1912 on
969 1890 992 1912 a
993 1879 1152 1954 ⁸{ourney
1165 1881 1240 1912 into
1254 1879 1348 1924 Italy

162 1925 198 1958 in
214 1924 316 1957 order
331 1927 368 1956 to
384 1933 549 1956 summon
564 1926 724 1956 veterans
739 1925 777 1955 to
851 1933 907 1955 me
922 1923 979 1954 for
1018 1933 1088 1955 une
1107 1925 1137 1956 1.

162 1981 239 2013 430
