1448 2236
636 63 839 103 CICERO

171 169 323 207 vitandi
343 169 438 207 belli
456 182 577 207 causa
594 168 799 220 profectus
817 175 924 208 esset
945 171 987 208 in
1010 168 1246 220 Hispaniam
1264 181 1354 207 cum

173 222 233 260 M.
254 223 433 262 Varrone
453 229 550 262 ante
569 223 735 269 bellum,
756 229 803 262 ut
821 226 863 261 in
883 237 933 262 ea
950 226 1154 275 provincia
1174 229 1295 268 esset,
1314 225 1354 261 in

171 290 251 328 qua
269 291 388 316 nemo
408 284 590 315 nostrum
608 283 701 328 post
719 277 933 315 Afranium
951 283 1186 329 superatum
1203 277 1355 315 bellum

170 331 295 369 ullum
327 331 414 370 fore
444 338 623 383 putarat,
655 333 796 370 incidit
826 335 869 370 in
901 345 951 370 ea
979 334 1068 383 ipsa
1098 332 1218 377 mala,
1249 344 1355 382 quae

170 399 326 424 summo
351 386 485 424 studio
509 389 721 424 vitaverat.
775 386 1001 437 Oppressus
1027 392 1090 425 est
1115 388 1224 424 enim
1247 385 1354 424 bello

169 443 396 491 repentino,
425 441 535 491 quod
561 440 728 486 bellum,
757 446 1004 479 commotum
1033 454 1058 478 a
1085 439 1269 491 Scapula,
1296 442 1356 478 ita

168 500 312 545 postea
333 494 616 533 confirmatum
638 500 702 533 est
724 508 749 532 a
771 494 978 546 Pompeio,
999 500 1047 533 ut
1067 494 1178 533 nulla
1197 496 1354 532 ratione

131 554 151 585 2
169 562 213 587 se
234 549 285 587 ab
305 548 373 587 illa
391 551 553 587 miseria
573 551 729 600 eripere
749 555 900 600 posset.
952 549 1110 587 Eadem
1129 561 1251 587 causa
1268 546 1355 586 fere

170 608 234 641 est
256 603 317 641 M.
341 603 454 641 Plani
477 603 664 649 Heredis,
687 606 756 655 qui
778 609 842 642 est
862 606 964 642 item
985 602 1173 649 Calenus,
1194 601 1352 652 Leptae

169 659 292 696 nostri
326 656 666 696 familiarissimus.
720 657 853 696 Hosce
884 659 1009 709 igitur
1041 657 1160 695 ambo
1192 657 1268 695 tibi
1299 657 1355 694 sic

168 712 421 758 commendo,
436 718 483 750 ut
497 714 648 751 maiore
662 725 770 758 cura,
786 712 935 758 studio,
949 711 1216 750 sollicitudine
1231 711 1354 748 animi

169 766 453 805 commendare
471 780 553 805 non
570 768 732 817 possim.
786 766 886 805 Volo
903 768 1082 816 ipsorum
1099 777 1243 810 causa;
1270 776 1355 802 me-

169 833 250 871 que
276 823 319 859 in
345 834 394 859 eo
419 820 684 859 vehementer
713 825 756 859 et
781 823 957 858 amicitia
982 825 1121 858 movet
1148 824 1192 858 et
1214 818 1355 856 huma-

169 877 288 913 nitas.
342 874 477 926 Lepta
495 888 590 913 vero
608 888 700 912 cum
719 877 778 913 ita
795 874 967 920 laboret,
986 879 1033 912 ut
1058 876 1143 913 eius
1166 871 1355 911 fortunae

169 929 383 967 videantur
405 931 448 967 in
471 929 685 967 discrimen
708 931 860 974 venire,
884 942 965 968 non
987 941 1150 979 possum
1175 940 1251 978 ego
1274 939 1356 964 non

171 989 243 1022 aut
271 986 454 1034 proxime
484 989 608 1034 atque
636 983 718 1029 ille,
748 988 819 1022 aut
849 985 972 1021 etiam
1002 995 1132 1033 aeque
1159 981 1354 1019 laborare.

170 1037 443 1088 Quapropter,
470 1040 546 1075 etsi
570 1050 694 1087 saepe
721 1043 913 1087 expertus
938 1049 1041 1082 sum,
1066 1041 1264 1087 quantum
1288 1047 1355 1072 me

171 1105 341 1138 amares,
357 1098 498 1130 tamen
513 1094 567 1129 sic
583 1091 704 1129 velim
719 1092 794 1129 tibi
809 1091 1068 1142 persuadeas,
1083 1090 1127 1129 id
1141 1103 1208 1128 me
1222 1091 1266 1127 in
1280 1088 1355 1126 hac

131 1151 151 1183 3
170 1159 214 1184 re
244 1148 422 1184 maxime
451 1146 736 1184 iudicaturum.
790 1145 892 1183 Peto
921 1147 1045 1196 igitur
1075 1157 1100 1182 a
1128 1149 1186 1189 te,
1215 1143 1294 1188 vel,
1323 1144 1354 1180 si

170 1203 335 1251 pateris,
362 1214 446 1246 oro,
473 1206 520 1238 ut
546 1200 728 1238 homines
754 1202 934 1245 miseros,
962 1205 1006 1237 et
1031 1198 1207 1242 fortuna,
1234 1209 1356 1248 quam

170 1257 300 1292 vitare
320 1268 440 1292 nemo
459 1260 611 1304 potest,
632 1256 775 1304 magis,
796 1267 919 1304 quam
938 1253 1069 1304 culpa,
1089 1252 1355 1295 calamitosos,

170 1322 379 1347 conserves
396 1309 613 1347 incolumes
631 1320 641 1353 3
670 1307 850 1358 velisque
863 1321 938 1358 per
952 1313 996 1345 te
1010 1320 1076 1344 me
1092 1306 1166 1344 hoc
1181 1306 1357 1343 muneris

169 1375 261 1400 cum
286 1364 381 1413 ipsis
408 1364 543 1399 amicis
569 1361 809 1406 hominibus,
832 1366 922 1398 tum
946 1362 1163 1410 municipio
1190 1358 1354 1402 Calen0,

170 1429 343 1466 quocum
370 1416 468 1453 mihi
498 1428 648 1467 magna
675 1414 929 1453 necessitudo
958 1419 1034 1459 est,
1062 1418 1151 1451 tum
1184 1411 1355 1463 Leptae,

219 1570 235 1586 ⁰
259 1565 315 1607 By
337 1565 468 1599 Caesar
490 1576 535 1597 on
559 1565 703 1606 August
722 1567 757 1603 2,
778 1566 821 1597 49
845 1574 911 1597 mc.
957 1562 1074 1596 Varro
1094 1561 1230 1604 shortly
1250 1560 1356 1593 after-

173 1609 287 1642 wards
307 1608 539 1642 surrendered
559 1611 597 1641 to
618 1608 759 1646 Caesar,
780 1607 847 1640 but
866 1606 1037 1639 Afranius
1056 1605 1197 1638 crossed
1217 1614 1300 1637 over
1318 1606 1356 1635 to

174 1653 334 1694 Pompey
345 1652 382 1685 in
394 1651 536 1687 Greece.
585 1651 641 1683 He
652 1661 724 1683 was
735 1653 877 1692 present
886 1653 925 1682 at
935 1650 995 1682 the
1005 1648 1116 1682 battle
1126 1647 1167 1681 of
1175 1646 1356 1680 Pharsalia

173 1696 210 1729 in
227 1698 271 1728 48
290 1706 355 1728 n-c.
372 1694 444 1727 and
461 1695 540 1727 that
556 1693 597 1726 of
609 1694 773 1736 Thapsus
790 1695 827 1726 in
843 1695 900 1731 46,
917 1692 1009 1725 after
1024 1691 1139 1724 which
1155 1691 1201 1724 he
1215 1687 1356 1723 crossed

173 1749 256 1771 over
277 1741 315 1771 to
337 1737 449 1780 Spain
471 1737 543 1770 and
563 1736 626 1770 fou
654 1737 694 1769 ht
713 1736 769 1769 for
792 1736 952 1777 Pompey
972 1734 1087 1771 under
1107 1732 1263 1776 Scapula
1283 1731 1356 1764 and

173 1781 355 1819 Afranius,
376 1780 553 1823 renegade
572 1780 625 1813 sol
651 1781 718 1812 iers
738 1779 778 1812 of
796 1778 937 1812 Caesar.
985 1777 1092 1811 Later
1111 1787 1170 1816 on,
1190 1777 1357 1818 attempt-

173 1826 236 1866 ing
259 1827 297 1857 to
320 1824 372 1866 fly
394 1825 470 1856 into
497 1823 735 1862 Mauretania,
759 1822 805 1855 he
828 1832 901 1855 was
923 1820 1035 1854 taken
1058 1821 1218 1863 prisoner
1241 1819 1291 1861 by
1316 1818 1355 1851 P.

173 1867 299 1901 Sittius
315 1867 388 1900 and
405 1870 470 1908 put
485 1870 522 1899 to
538 1866 657 1899 death.

217 1910 231 1930 ⁶
254 1909 473 1942 calamitosos
498 1909 604 1941 refers
628 1910 666 1940 to
690 1906 750 1939 the
775 1908 938 1938 sentence
963 1905 1004 1938 of
1023 1903 1112 1938 exile
1135 1902 1250 1936 which
1275 1900 1357 1944 they
1427 1933 1429 1935 ,

169 1952 241 1986 had
258 1952 432 1990 incurred,
450 1951 496 1993 cf.
514 1954 530 1989 ἓ
546 1954 581 1985 4.

171 2011 246 2044 222
