1448 2236
670 48 872 89 CICERO

183 148 458 201 fungeremur,
474 154 624 202 optavi.
678 151 847 191 Plancus
863 153 1028 204 quidem
1042 159 1137 193 tuus
1152 154 1369 194 Ravennae

185 210 260 250 est,
281 210 323 242 et
340 218 488 255 magno
506 208 707 256 congiario
722 207 896 245 donatus
911 221 935 245 a
949 207 1122 246 Caesare
1136 222 1212 247 nec
1225 209 1368 247 beatus

182 270 258 295 nec
276 258 383 296 bene
397 261 617 297 instructus
638 265 713 298 est.
766 261 842 298 Tui
860 261 1059 299 πολιτικοὶ
1076 261 1166 300 libri
1184 263 1368 301 omnibus

181 313 334 362 vigent.

756 375 797 412 II

563 473 721 499 CAELIUS
748 474 931 499 CICERONI
957 474 990 501 S.

593 539 741 578 Romae,
757 550 864 573 A.u.c.
881 542 959 573 703.

146 610 161 643 l
229 605 365 652 Certe,
388 608 567 658 inquam,
591 606 798 645 absolutus
823 613 913 654 est3
949 621 1016 646 me
1038 614 1254 660 praesente
1276 622 1367 660 pro-

180 663 412 698 nuntiatum
450 666 526 706 est,
565 666 608 699 et
645 661 810 712 quidem
847 663 1030 700 omnibus
1068 663 1286 709 ordinibus,
1324 669 1366 702 et

180 714 343 765 singulis
366 717 408 751 in
430 728 510 752 uno
533 727 694 765 quoque
718 715 856 753 ordine
880 718 1104 754 sententiis.
1158 716 1260 755 Ride
1283 730 1366 754 mo·
1442 757 1448 760 ,

179 767 245 813 (10,
268 770 413 818 inquis.
467 768 572 814 Non,
595 768 858 807 mehercules.
912 769 1021 807 Nihil
1044 772 1151 807 enim
1174 783 1366 821 umquam
1437 765 1448 823 j

178 826 264 859 tam
282 827 444 871 praeter
465 824 708 873 opinionem,
726 827 813 860 tam
832 823 941 873 quod
958 823 1164 861 videretur
1182 824 1365 862 omnibus
1440 827 1448 866 ’ἶ

178 875 402 926 indignum,
421 875 580 913 accidit.
634 875 742 923 Quin
764 888 853 926 ego,
873 889 966 914 cum
991 889 1064 927 pro
1093 879 1271 915 amicitia
1297 891 1364 924 va-
1440 871 1448 916 ³}

178 927 367 966 lidissime
384 927 564 966 faverem
583 931 633 974 ei,
652 935 695 967 et
711 942 778 967 me
795 932 876 967 iam
893 929 947 968 ad
963 929 1182 968 dolendum
1197 943 1365 981 praepa·
1440 930 1448 955 ²2

176 995 341 1028 rassem,
361 987 578 1033 postquam
597 982 751 1020 factum
773 988 848 1028 est,
869 984 1059 1034 obstupui
1080 989 1123 1022 et
1142 983 1240 1023 mihi
1258 987 1364 1023 visus

175 1049 265 1074 sum
300 1042 442 1086 captus
479 1049 580 1074 esse.
634 1036 742 1084 Quid
777 1036 874 1075 alios
908 1043 1029 1087 putas
1047 1037 1063 1075 ?
1116 1036 1364 1076 Clamoribus

176 1089 328 1127 scilicet
344 1092 528 1128 maximis
546 1090 696 1128 iudices
714 1092 1006 1140 corripuerunt,
1025 1096 1068 1128 et
1085 1090 1364 1136 ostenderunt,

175 1142 295 1193 plane
325 1156 426 1189 esse,
455 1143 564 1194 quod
590 1143 687 1181 ferri
714 1157 795 1181 non
822 1149 973 1194 posset.
1027 1143 1173 1195 Itaque
1201 1143 1362 1182 relictus

174 1196 266 1248 lege
283 1196 435 1234 Licinia
448 1200 490 1234 in
504 1199 654 1235 maiore
671 1209 758 1235 esse
772 1197 948 1248 periculo
963 1197 1135 1236 videtur.
1182 1198 1363 1236 Accessit

173 1250 252 1288 huc
283 1250 391 1301 quod
420 1251 613 1300 postridie
645 1253 729 1288 eius
760 1251 1055 1289 absolutionem
1082 1253 1127 1288 in
1155 1250 1362 1290 theatrum

175 1303 355 1342 Curionis
380 1303 620 1342 Hortensius
643 1306 811 1349 introiit,
834 1309 935 1355 puto
959 1310 1006 1342 ut
1029 1317 1146 1342 suum
1169 1304 1359 1355 gaudium

174 1357 455 1408 gauderemus.
510 1357 587 1395 Hic
604 1358 678 1395 tibi

197 1428 375 1470 strepitus,
391 1427 563 1466 fremitus,
579 1427 712 1460 clamor
726 1428 934 1466 tonitruum,
950 1430 985 1461 et
999 1427 1189 1461 rudentum
1204 1427 1338 1461 sibilus.

173 1487 261 1524 Hoc
282 1489 410 1537 magis
432 1487 755 1525 animadversum
778 1493 853 1532 est,
876 1487 985 1538 quod
1004 1489 1180 1526 intactus
1200 1500 1227 1525 a
1246 1486 1358 1525 sibilo

219 1586 235 1602 ⁰
256 1580 297 1613 T.
316 1581 673 1632 Munatius'Plancus
692 1581 806 1614 Bursa
824 1591 896 1614 was
913 1580 1045 1632 closely
1061 1580 1256 1614 associated
1273 1580 1357 1614 with

175 1623 578 1700 Q'»¹'1‘s'a¹¹f¹pxes¹22¹1⁵effi‘u¹2f¹¹{i
583 1624 723 1705 3322131‘3
740 1624 1105 1709 ἰῖἰῗέεὲᾞέιῗὲῒιγ
1134 1666 1175 1699 of
1207 1667 1357 1700 ambitu,

174 1709 212 1752 (⁴⁶
228 1710 371 1752 bribery
389 1709 462 1743 and
481 1711 685 1752 corruption
697 1710 746 1752 ”)‚
763 1710 836 1743 and
853 1709 1029 1743 defended
1043 1709 1092 1751 by
1107 1710 1332 1743 Hortensius.

222 1757 234 1774 ⁶
257 1753 333 1786 The
355 1753 525 1795 penalties
547 1752 702 1786 inflicted
725 1753 774 1794 by
795 1753 854 1786 the
878 1753 952 1786 Lex
974 1753 1111 1786 Licinia
1133 1764 1223 1786 were
1248 1753 1355 1786 much

173 1796 313 1830 heavier
329 1797 415 1829 than
432 1796 532 1829 those
547 1795 660 1829 under
677 1796 737 1828 the
753 1796 820 1828 law
837 1795 893 1828 for
911 1796 1073 1828 ambitus.
1121 1795 1173 1828 As
1189 1807 1210 1828 a
1226 1798 1357 1829 matter

175 1839 217 1872 of
239 1841 314 1872 fact
343 1839 515 1873 Messalla
539 1850 609 1872 was
637 1838 893 1880 subsequently
916 1838 1007 1872 tried
1035 1837 1108 1871 and
1133 1838 1355 1872 condemned

174 1882 288 1916 under
304 1882 383 1915 that
399 1882 476 1915 law.
527 1881 593 1915 See
608 1882 679 1915 viii.
696 1884 730 1915 4.
750 1884 779 1914 1.

218 1925 235 1946 ⁴¹
258 1924 411 1965 Quoted,
428 1927 455 1958 it
468 1926 497 1958 is
511 1924 700 1967 supposed,
713 1924 806 1957 from
820 1924 880 1958 the
897 1923 1023 1957 Teucer
1035 1923 1075 1957 of
1087 1924 1272 1957 Pacuvius.

179 1981 253 2014 104
