1448 2236
661 54 862 95 CICERO

166 167 391 200 conservas,
416 153 481 193 fac
505 160 553 194 ut
578 155 886 207 diligentissime
910 159 955 194 te
978 156 1126 206 ipsum,
1150 155 1207 192 mi
1231 153 1353 192 Dola-

165 216 286 263 bella,
305 217 521 257 custodias.

730 312 808 351 XV

585 423 725 449 CICERO
753 422 877 454 PAETO
903 421 936 449 S.

578 504 725 544 Romae,
743 515 848 538 A.u.c.
866 507 944 538 708.

127 596 142 630 1
215 592 385 630 Duabus
404 593 485 631 tuis
506 592 684 643 epistolis
704 591 957 643 respondebo
974 604 984 637 ;
1014 593 1097 637 uni,
1116 603 1238 642 quam
1257 602 1355 641 qua-

164 655 298 693 triduo
312 660 407 692 ante
421 668 655 705 acceperam
670 668 693 692 a
705 654 833 693 Zetho
847 667 857 700 3
883 654 1014 699 alteri,
1025 667 1145 705 quam
1159 652 1355 691 attulerat

165 717 343 755 Phileros
365 717 612 755 tabellarius.
665 717 727 754 Ex
749 717 946 768 prioribus
967 718 1047 755 tuis
1068 716 1214 754 litteris
1235 714 1353 753 intel-

163 779 259 825 lexi,
289 785 524 831 pergratam
555 780 630 818 tibi
663 793 750 818 esse
780 793 917 817 curam
946 792 1081 817 meam
1111 777 1353 816 valetudinis

164 847 276 888 tuae,
296 855 419 893 quam
438 843 514 880 tibi
532 848 789 893 perspectam
811 855 898 880 esse
917 841 1089 893 gaudeo.
1143 839 1238 886 Sed,
1255 838 1353 876 mihi

163 905 298 949 crede,
311 918 392 942 non
403 905 586 954 perinde,
600 910 647 942 ut
661 910 723 942 est
734 918 891 955 reapse,
905 917 956 942 ex
968 903 1115 942 litteris
1125 904 1352 953 perspicere

163 969 347 1018 potuisti.
394 966 499 1004 Nam
518 980 611 1004 cum
630 980 655 1004 a
673 969 770 1005 satis
790 966 927 1004 multis
947 966 1045 1017 (non
1064 967 1172 1004 enim
1189 977 1352 1016 possum

163 1029 282 1067 aliter
305 1029 458 1080 dicere)
485 1034 528 1067 et
551 1029 627 1067 coli
651 1043 717 1067 me
741 1029 902 1067 videam
928 1034 971 1067 et
995 1027 1121 1079 diligi,
1144 1040 1265 1065 nemo
1290 1031 1353 1065 est

163 1092 320 1130 illorum
347 1094 527 1129 omnium
552 1091 650 1129 mihi
676 1098 720 1130 te
746 1091 967 1130 iucundior.
1020 1090 1126 1128 Nam
1152 1089 1261 1141 quod
1284 1102 1351 1126 me

162 1167 287 1200 amas,
304 1154 413 1205 quod
427 1154 469 1192 id
485 1159 528 1192 et
541 1154 780 1205 iampridem
796 1160 840 1193 et
857 1158 1092 1192 constanter
1102 1151 1212 1196 facis,
1230 1157 1292 1190 est
1310 1150 1352 1189 id

162 1217 328 1268 quidem
349 1230 556 1267 magnum,
578 1222 702 1268 atque
723 1217 833 1255 haud
852 1219 932 1255 scio
954 1229 1006 1254 an
1024 1217 1260 1260 maximum,
1279 1213 1353 1252 sed

162 1280 237 1317 tibi
250 1292 465 1317 commune
478 1292 570 1316 cum
582 1279 719 1317 multis
737 1292 747 1324 ;
775 1279 884 1330 quod
897 1284 944 1316 tu
956 1281 1044 1329 ipse
1056 1283 1142 1316 tam
1156 1276 1351 1315 amandus

163 1355 220 1387 es,
243 1347 411 1392 tamque
435 1341 560 1380 dulcis
583 1347 750 1392 tamque
773 1344 815 1379 in
837 1343 946 1379 omni
967 1353 1119 1392 genere
1141 1338 1351 1383 iucundus,

121 1409 141 1441 2
159 1404 202 1442 id
231 1409 294 1442 est
320 1406 481 1454 proprie
510 1409 639 1442 tuum.
694 1404 906 1442 Accedunt
925 1417 1006 1441 non
1024 1402 1167 1447 Attici,
1184 1400 1258 1439 sed
1275 1400 1350 1438 sal-

161 1469 297 1511 siores,
326 1479 448 1517 quam
478 1466 533 1503 illi
566 1467 809 1512 Atticorum,
839 1465 1010 1504 Romani
1036 1469 1196 1503 veteres
1225 1468 1349 1514 atque

161 1529 303 1566 urbani
319 1528 435 1566 sales.
489 1529 577 1579 Ego
594 1535 732 1567 autem
748 1529 971 1580 (existimes
986 1527 1081 1566 licet
1096 1526 1204 1577 quod
1218 1525 1349 1576 libet),

159 1590 326 1628 mirifice
359 1592 494 1641 capior
528 1590 698 1637 facetiis,
726 1593 903 1629 maxime
941 1589 1201 1634 nostratibus,
1233 1600 1349 1639 prae-

159 1655 300 1692 sertim
329 1666 421 1691 cum
451 1666 518 1691 eas
546 1653 707 1691 videam
733 1655 909 1704 primum
929 1652 1073 1691 oblitas
1094 1651 1226 1696 Latio,
1245 1655 1348 1696 tum,

208 1768 224 1784 ⁰
248 1763 451 1805 Especially
466 1765 609 1806 against
625 1763 803 1805 Antony's
820 1763 923 1805 plots.

209 1807 223 1826 ¹⁷
247 1807 280 1839 A
305 1806 448 1839 learned
473 1807 545 1840 and
570 1808 670 1849 witty
694 1807 906 1849 Epicurean,
931 1805 1011 1839 who
1034 1804 1185 1838 avoided
1208 1804 1346 1847 politics

160 1850 232 1883 and
250 1849 355 1882 made
369 1860 392 1882 a
408 1850 506 1892 large
520 1849 673 1883 fortune.

210 1897 223 1913 ⁶
247 1892 367 1926 Greek
388 1893 502 1927 slaves
524 1904 564 1926 or
584 1892 778 1932 freedmen,
801 1891 989 1934 employed
1011 1901 1051 1925 as
1073 1891 1209 1934 private
1229 1890 1343 1923 letter·

159 1937 317 1969 carriers.

164 1993 240 2027 232
