1448 2236
683 77 886 118 CICERO

746 216 806 254 XI

549 333 689 360 CICERO
717 333 962 361 DOLABELLAE
987 334 1020 362 8.

589 424 762 464 Ficuleae,
779 436 884 458 A.u.e.
903 428 979 459 709.

151 515 167 547 1
241 509 315 548 Vel
334 524 427 549 meo
446 513 570 562 ipsius
591 513 762 550 interitu
781 513 946 550 mallem
966 512 1124 551 litteras
1143 525 1256 551 meas
1276 512 1379 550 desi-

189 570 366 617 derares,
386 584 508 622 quam
529 585 577 610 eo
595 585 704 618 casu,
723 585 803 624 quo
822 586 911 610 sum
930 575 1163 624 gravissime
1182 573 1350 610 afflictus
1367 583 1378 616 3

190 644 314 681 quem
331 631 482 670 ferrem
500 638 612 671 certe
630 633 890 678 moderatius,
909 636 942 671 si
959 639 1003 672 te
1021 633 1228 671 haberem.
1273 632 1378 670 Nam

190 696 234 729 et
261 694 389 730 oratio
417 697 490 730 tua
516 693 710 743 prudens,
738 698 782 731 et
810 706 922 731 amor
950 707 1048 745 erga
1074 707 1141 731 me
1169 693 1378 744 singularis

146 768 149 776 ·
187 751 362 790 multum
395 752 564 790 levaret.
617 752 700 791 Sed
732 756 923 804 quoniam
954 753 1068 791 brevi
1100 758 1299 803 tempore,
1331 758 1379 790 ut

189 813 323 861 opinio
351 817 490 850 nostra
519 817 595 857 est,
622 817 667 851 te
695 825 785 850 sum
811 815 980 858 visurus,
1008 815 1067 850 ita
1093 825 1160 850 me
1189 811 1379 850 affectum

188 870 381 917 offendes,
401 877 448 910 ut
466 872 641 910 multum
661 885 686 910 a
702 877 746 910 te
764 874 914 923 possim
931 875 1058 910 iuvari
1075 885 1086 918 ;
1119 885 1202 910 non
1221 884 1302 923 quo
1319 874 1379 910 ita
1420 867 1431 907 s

188 933 263 969 sim
281 930 448 978 fractus,
469 937 515 970 ut
535 938 607 970 aut
625 932 832 970 hominem
850 945 918 971 me
938 945 1026 971 esse
1045 932 1194 971 oblitus
1212 934 1288 970 sim
1307 937 1380 970 aut
1430 959 1431 963 ,

188 990 376 1030 fortunae
398 993 743 1031 succumbendum
764 998 923 1044 putem,
944 992 1018 1031 sed
1038 998 1178 1031 tamen
1199 991 1378 1030 hilaritas

190 1051 257 1090 illa
268 1058 406 1091 nostra
420 1058 463 1091 et
475 1055 666 1099 suavitas,
680 1066 786 1104 quae
799 1058 844 1091 te
855 1058 1021 1104 praeter
1032 1058 1189 1091 ceteros
1202 1052 1379 1091 delecta-

189 1112 276 1158 bat,
304 1118 448 1163 erepta
474 1112 572 1150 mihi
600 1115 729 1151 omnis
758 1118 833 1151 est.
888 1112 1142 1151 Firmitatem
1169 1117 1308 1150 tamen
1335 1116 1379 1150 et
1424 1142 1426 1144 .

189 1174 472 1218 constantiam,
487 1174 520 1210 si
534 1172 654 1210 modo
668 1171 747 1210 fuit
761 1172 978 1223 aliquando
991 1174 1034 1210 in
1047 1172 1176 1217 nobis,
1191 1171 1378 1210 eamdem

149 1236 171 1269 2
188 1245 418 1283 cognosces,
440 1244 562 1283 quam
583 1232 794 1283 reliquisti.
839 1225 968 1279 'Quod
988 1231 1139 1277 scribis,
1159 1230 1312 1282 praelia
1334 1235 1378 1268 te
1423 1256 1426 1260 -

188 1304 282 1329 mea
308 1304 429 1329 causa
455 1293 668 1337 sustinere,
695 1305 777 1330 non
802 1296 891 1330 tam
916 1291 959 1329 id
983 1290 1135 1336 laboro,
1162 1295 1222 1336 ut,
1248 1292 1281 1328 si
1308 1291 1377 1341 qui

189 1351 288 1389 mihi
299 1352 546 1397 obtrectent,
562 1365 586 1389 a
601 1357 645 1390 te
656 1350 902 1397 refutentur,
914 1364 1037 1402 quam
1050 1349 1233 1402 intellegi
1247 1351 1378 1401 cupio,

190 1411 300 1462 quod
328 1417 440 1450 certe
468 1411 734 1462 intellegitur,
763 1424 886 1449 mea
914 1416 958 1449 te
989 1412 1127 1448 amari.
1183 1409 1304 1457 Quod
1332 1414 1379 1446 ut

189 1469 327 1516 facias,
345 1477 389 1509 te
409 1473 534 1509 etiam
553 1476 678 1522 atque
698 1473 823 1509 etiam
839 1483 952 1522 rogo,
970 1471 1234 1521 ignoscasque
1250 1469 1394 1507 brevi--

190 1533 268 1569 tati
280 1530 510 1569 litterarum
523 1544 706 1569 mearum
724 1543 734 1576 ;
763 1543 858 1568 nam
874 1536 917 1568 et
929 1530 1117 1568 celeriter
1130 1542 1210 1567 una
1222 1527 1378 1567 futuros

190 1603 262 1628 nos
293 1591 477 1636 arbitror,
509 1595 552 1628 et
582 1590 762 1628 nondum
793 1592 890 1628 satis
920 1589 1178 1628 confirmatus
1207 1601 1297 1627 sum
1327 1587 1380 1626 ad
1424 1611 1426 1635 5

191 1650 459 1688 scribendum.

240 1749 255 1765 '⁸
277 1745 348 1784 i.e.‚
361 1744 422 1778 the
440 1744 548 1777 death
567 1743 607 1777 of
624 1743 678 1776 his
697 1742 873 1785 daughter
891 1742 1019 1781 Tullia,
1033 1742 1094 1775 the
1113 1741 1278 1775 divorced
1297 1741 1378 1774 wife

194 1787 234 1820 of
248 1787 445 1821 Dolabella.
491 1787 577 1820 This
594 1787 695 1819 letter
711 1797 837 1828 proves
849 1786 928 1818 that
937 1786 998 1818 the
1009 1785 1150 1818 divorce
1165 1784 1236 1818 had
1247 1783 1377 1817 caused

195 1842 242 1864 no
259 1831 390 1864 breach
406 1830 446 1863 of
458 1830 655 1872 friendship
670 1829 828 1862 between
843 1829 904 1862 the
918 1828 1082 1861 families.
1428 1860 1430 1862 .

243 1873 256 1894 ⁶
280 1873 466 1907 Dolabella
487 1872 559 1906 had
580 1876 618 1906 to
639 1872 769 1906 defend
791 1872 914 1905 Cicero
935 1873 1077 1914 against
1097 1871 1158 1904 the
1178 1870 1319 1904 attacks
1339 1869 1380 1903 of
1424 1907 1430 1915 ⁷.

196 1916 351 1958 Quintus
366 1917 427 1950 the
442 1927 614 1959 younger,
630 1916 691 1949 the
705 1926 770 1949 son
786 1915 826 1948 of
838 1915 991 1948 Cicero's
1006 1914 1150 1948 brother
1165 1913 1331 1957 Quintus.

193 2015 269 2048 218
