<?xml version="1.0" encoding="UTF-8"?>
<!DOCTYPE html PUBLIC "-//W3C//DTD XHTML 1.0 Transitional//EN"
    "http://www.w3.org/TR/xhtml1/DTD/xhtml1-transitional.dtd">
<html xmlns="http://www.w3.org/1999/xhtml" xml:lang="en" lang="en">
 <head>
  <title>
</title>
<meta http-equiv="Content-Type" content="text/html;charset=utf-8" />
  <meta name='ocr-system' content='tesseract 3.04.00' />
  <meta name='ocr-capabilities' content='ocr_page ocr_carea ocr_par ocr_line ocrx_word'/>
</head>
<body>
  <div class='ocr_page' id='page_1' title='image "./letterstohisfrie02ciceuoft_0244.png"; bbox 0 0 1448 2236; ppageno 0'>
   <div class='ocr_carea' id='block_1_1' title="bbox 661 60 862 99">
    <p class='ocr_par' dir='ltr' id='par_1_1' title="bbox 661 60 862 99">
     <span class='ocr_line' id='line_1_1' title="bbox 661 60 862 99; baseline -0.005 0"><span class='ocrx_word' id='word_1_1' title='bbox 661 60 862 99; x_wconf 86' lang='lat' dir='ltr'>CICERO</span> 
     </span>
    </p>
   </div>
   <div class='ocr_carea' id='block_1_2' title="bbox 163 163 1358 777">
    <p class='ocr_par' dir='ltr' id='par_1_2' title="bbox 163 163 1358 777">
     <span class='ocr_line' id='line_1_2' title="bbox 163 163 1356 217; baseline -0.003 -13"><span class='ocrx_word' id='word_1_2' title='bbox 163 165 302 217; x_wconf 90' lang='lat' dir='ltr'><strong>pulsus</strong></span> <span class='ocrx_word' id='word_1_3' title='bbox 325 166 386 204; x_wconf 88' lang='lat' dir='ltr'><strong>his</strong></span> <span class='ocrx_word' id='word_1_4' title='bbox 410 179 573 217; x_wconf 90' lang='lat' dir='ltr'><strong>quoque</strong></span> <span class='ocrx_word' id='word_1_5' title='bbox 594 165 704 212; x_wconf 88' lang='lat' dir='ltr'><strong>locis,</strong></span> <span class='ocrx_word' id='word_1_6' title='bbox 726 177 861 203; x_wconf 86' lang='lat' dir='ltr'><strong>rursus</strong></span> <span class='ocrx_word' id='word_1_7' title='bbox 885 163 982 203; x_wconf 80' lang='lat' dir='ltr'><strong>alias</strong></span> <span class='ocrx_word' id='word_1_8' title='bbox 1003 165 1190 215; x_wconf 84' lang='lat' dir='ltr'>regiones</span> <span class='ocrx_word' id='word_1_9' title='bbox 1211 168 1356 214; x_wconf 85' lang='lat' dir='ltr'><strong>petere</strong></span> 
     </span>
     <span class='ocr_line' id='line_1_3' title="bbox 165 221 1356 274; baseline -0.003 -13"><span class='ocrx_word' id='word_1_10' title='bbox 165 229 349 274; x_wconf 82' lang='lat' dir='ltr'><strong>cogatur,</strong></span> <span class='ocrx_word' id='word_1_11' title='bbox 366 229 414 261; x_wconf 92' lang='lat' dir='ltr'><strong>ut</strong></span> <span class='ocrx_word' id='word_1_12' title='bbox 429 229 478 261; x_wconf 90' lang='lat' dir='ltr'><strong>tu</strong></span> <span class='ocrx_word' id='word_1_13' title='bbox 493 229 538 261; x_wconf 89' lang='lat' dir='ltr'><strong>te</strong></span> <span class='ocrx_word' id='word_1_14' title='bbox 554 222 620 261; x_wconf 90' lang='lat' dir='ltr'><strong>vel</strong></span> <span class='ocrx_word' id='word_1_15' title='bbox 635 222 820 260; x_wconf 80' lang='lat' dir='ltr'><strong>Athenas</strong></span> <span class='ocrx_word' id='word_1_16' title='bbox 837 221 903 260; x_wconf 89' lang='lat' dir='ltr'><strong>vel</strong></span> <span class='ocrx_word' id='word_1_17' title='bbox 917 223 959 259; x_wconf 91' lang='lat' dir='ltr'><strong>in</strong></span> <span class='ocrx_word' id='word_1_18' title='bbox 975 223 1157 272; x_wconf 84' lang='lat' dir='ltr'><strong>quamvis</strong></span> <span class='ocrx_word' id='word_1_19' title='bbox 1174 222 1356 271; x_wconf 79' lang='lat' dir='ltr'><strong>quietam</strong></span> 
     </span>
     <span class='ocr_line' id='line_1_4' title="bbox 165 276 1356 331; baseline -0.003 -13"><span class='ocrx_word' id='word_1_20' title='bbox 165 283 334 331; x_wconf 81' lang='lat' dir='ltr'>recipias</span> <span class='ocrx_word' id='word_1_21' title='bbox 352 283 572 319; x_wconf 88' lang='lat' dir='ltr'><strong>civitatem.</strong></span> <span class='ocrx_word' id='word_1_22' title='bbox 627 280 747 328; x_wconf 83' lang='lat' dir='ltr'><strong>Quod</strong></span> <span class='ocrx_word' id='word_1_23' title='bbox 764 282 797 317; x_wconf 91' lang='lat' dir='ltr'><strong>si</strong></span> <span class='ocrx_word' id='word_1_24' title='bbox 815 281 892 317; x_wconf 89' lang='lat' dir='ltr'><strong>eris</strong></span> <span class='ocrx_word' id='word_1_25' title='bbox 909 278 1103 324; x_wconf 75' lang='lat' dir='ltr'><strong>facturus,</strong></span> <span class='ocrx_word' id='word_1_26' title='bbox 1119 277 1242 316; x_wconf 89' lang='lat' dir='ltr'><strong>velim</strong></span> <span class='ocrx_word' id='word_1_27' title='bbox 1257 276 1356 314; x_wconf 87' lang='lat' dir='ltr'><strong>mihi</strong></span> 
     </span>
     <span class='ocr_line' id='line_1_5' title="bbox 165 334 1355 390; baseline -0.003 -14"><span class='ocrx_word' id='word_1_28' title='bbox 165 339 328 383; x_wconf 80' lang='lat' dir='ltr'><strong>scribas,</strong></span> <span class='ocrx_word' id='word_1_29' title='bbox 351 344 398 376; x_wconf 92' lang='lat' dir='ltr'><strong>ut</strong></span> <span class='ocrx_word' id='word_1_30' title='bbox 422 352 512 390; x_wconf 88' lang='lat' dir='ltr'><strong>ego,</strong></span> <span class='ocrx_word' id='word_1_31' title='bbox 535 340 567 376; x_wconf 89' lang='lat' dir='ltr'><strong>si</strong></span> <span class='ocrx_word' id='word_1_32' title='bbox 591 338 671 376; x_wconf 93' lang='lat' dir='ltr'><strong>ullo</strong></span> <span class='ocrx_word' id='word_1_33' title='bbox 694 337 814 376; x_wconf 91' lang='lat' dir='ltr'><strong>modo</strong></span> <span class='ocrx_word' id='word_1_34' title='bbox 835 342 993 388; x_wconf 90' lang='lat' dir='ltr'><strong>potero,</strong></span> <span class='ocrx_word' id='word_1_35' title='bbox 1017 336 1070 374; x_wconf 86' lang='lat' dir='ltr'><strong>ad</strong></span> <span class='ocrx_word' id='word_1_36' title='bbox 1090 342 1134 374; x_wconf 86' lang='lat' dir='ltr'><strong>te</strong></span> <span class='ocrx_word' id='word_1_37' title='bbox 1158 334 1355 373; x_wconf 86' lang='lat' dir='ltr'><strong>advolem.</strong></span> 
     </span>
     <span class='ocr_line' id='line_1_6' title="bbox 166 394 1358 447; baseline -0.003 -13"><span class='ocrx_word' id='word_1_38' title='bbox 166 395 459 447; x_wconf 87' lang='lat' dir='ltr'><strong>Quaecumque</strong></span> <span class='ocrx_word' id='word_1_39' title='bbox 484 396 537 434; x_wconf 92' lang='lat' dir='ltr'><strong>de</strong></span> <span class='ocrx_word' id='word_1_40' title='bbox 563 401 636 434; x_wconf 88' lang='lat' dir='ltr'><strong>tua</strong></span> <span class='ocrx_word' id='word_1_41' title='bbox 660 395 863 446; x_wconf 76' lang='lat' dir='ltr'>dignitate</span> <span class='ocrx_word' id='word_1_42' title='bbox 890 394 941 432; x_wconf 88' lang='lat' dir='ltr'><strong>ab</strong></span> <span class='ocrx_word' id='word_1_43' title='bbox 966 396 1211 444; x_wconf 80' lang='lat' dir='ltr'><strong>imperatore</strong></span> <span class='ocrx_word' id='word_1_44' title='bbox 1238 396 1358 430; x_wconf 91' lang='lat' dir='ltr'><strong>erunt</strong></span> 
     </span>
     <span class='ocr_line' id='line_1_7' title="bbox 166 449 1358 503; baseline -0.003 -13"><span class='ocrx_word' id='word_1_45' title='bbox 166 453 436 503; x_wconf 85' lang='lat' dir='ltr'><strong>impetranda,</strong></span> <span class='ocrx_word' id='word_1_46' title='bbox 462 466 543 503; x_wconf 88' lang='lat' dir='ltr'><strong>qua</strong></span> <span class='ocrx_word' id='word_1_47' title='bbox 569 458 632 491; x_wconf 90' lang='lat' dir='ltr'><strong>est</strong></span> <span class='ocrx_word' id='word_1_48' title='bbox 656 452 912 490; x_wconf 78' lang='lat' dir='ltr'><strong>humanitate</strong></span> <span class='ocrx_word' id='word_1_49' title='bbox 937 450 1099 495; x_wconf 89' lang='lat' dir='ltr'><strong>Caesar,</strong></span> <span class='ocrx_word' id='word_1_50' title='bbox 1123 449 1358 488; x_wconf 84' lang='lat' dir='ltr'><strong>facillimum</strong></span> 
     </span>
     <span class='ocr_line' id='line_1_8' title="bbox 168 511 1357 560; baseline -0.003 -13"><span class='ocrx_word' id='word_1_51' title='bbox 168 513 246 548; x_wconf 89' lang='lat' dir='ltr'><strong>erit</strong></span> <span class='ocrx_word' id='word_1_52' title='bbox 264 511 315 548; x_wconf 84' lang='lat' dir='ltr'><strong>ab</strong></span> <span class='ocrx_word' id='word_1_53' title='bbox 335 523 383 548; x_wconf 91' lang='lat' dir='ltr'><strong>eo</strong></span> <span class='ocrx_word' id='word_1_54' title='bbox 401 511 476 548; x_wconf 92' lang='lat' dir='ltr'><strong>tibi</strong></span> <span class='ocrx_word' id='word_1_55' title='bbox 494 512 569 560; x_wconf 90' lang='lat' dir='ltr'><strong>ipsi</strong></span> <span class='ocrx_word' id='word_1_56' title='bbox 588 512 807 560; x_wconf 90' lang='lat' dir='ltr'><strong>impetrare</strong></span> <span class='ocrx_word' id='word_1_57' title='bbox 825 522 835 555; x_wconf 93' lang='grc'><strong>;</strong></span> <span class='ocrx_word' id='word_1_58' title='bbox 869 514 913 547; x_wconf 91' lang='lat' dir='ltr'><strong>et</strong></span> <span class='ocrx_word' id='word_1_59' title='bbox 929 521 1041 546; x_wconf 89' lang='lat' dir='ltr'><strong>meas</strong></span> <span class='ocrx_word' id='word_1_60' title='bbox 1059 513 1200 546; x_wconf 89' lang='lat' dir='ltr'><strong>tamen</strong></span> <span class='ocrx_word' id='word_1_61' title='bbox 1216 518 1357 557; x_wconf 87' lang='lat' dir='ltr'><strong>preces</strong></span> 
     </span>
     <span class='ocr_line' id='line_1_9' title="bbox 170 565 1357 618; baseline -0.003 -13"><span class='ocrx_word' id='word_1_62' title='bbox 170 567 279 618; x_wconf 86' lang='lat' dir='ltr'><strong>apud</strong></span> <span class='ocrx_word' id='word_1_63' title='bbox 300 581 394 605; x_wconf 90' lang='lat' dir='ltr'><strong>eum</strong></span> <span class='ocrx_word' id='word_1_64' title='bbox 414 581 495 605; x_wconf 93' lang='lat' dir='ltr'><strong>non</strong></span> <span class='ocrx_word' id='word_1_65' title='bbox 514 569 725 604; x_wconf 89' lang='lat' dir='ltr'><strong>minimum</strong></span> <span class='ocrx_word' id='word_1_66' title='bbox 746 568 997 604; x_wconf 87' lang='lat' dir='ltr'><strong>auctoritatis</strong></span> <span class='ocrx_word' id='word_1_67' title='bbox 1017 565 1224 603; x_wconf 87' lang='lat' dir='ltr'><strong>habituras</strong></span> <span class='ocrx_word' id='word_1_68' title='bbox 1243 568 1357 615; x_wconf 90' lang='lat' dir='ltr'><strong>puto.</strong></span> 
     </span>
     <span class='ocr_line' id='line_1_10' title="bbox 167 622 1358 676; baseline -0.003 -14"><span class='ocrx_word' id='word_1_69' title='bbox 167 625 257 662; x_wconf 89' lang='lat' dir='ltr'><strong>Erit</strong></span> <span class='ocrx_word' id='word_1_70' title='bbox 281 630 379 663; x_wconf 89' lang='lat' dir='ltr'><strong>tuae</strong></span> <span class='ocrx_word' id='word_1_71' title='bbox 406 638 568 676; x_wconf 91' lang='lat' dir='ltr'><strong>quoque</strong></span> <span class='ocrx_word' id='word_1_72' title='bbox 594 624 687 662; x_wconf 86' lang='lat' dir='ltr'><strong>fidei</strong></span> <span class='ocrx_word' id='word_1_73' title='bbox 716 630 759 662; x_wconf 90' lang='lat' dir='ltr'><strong>et</strong></span> <span class='ocrx_word' id='word_1_74' title='bbox 783 624 1047 661; x_wconf 86' lang='lat' dir='ltr'><strong>humanitatis</strong></span> <span class='ocrx_word' id='word_1_75' title='bbox 1072 634 1227 667; x_wconf 88' lang='lat' dir='ltr'><strong>curare,</strong></span> <span class='ocrx_word' id='word_1_76' title='bbox 1252 626 1300 659; x_wconf 92' lang='lat' dir='ltr'><strong>ut</strong></span> <span class='ocrx_word' id='word_1_77' title='bbox 1324 622 1358 658; x_wconf 86' lang='lat' dir='ltr'><strong>is</strong></span> 
     </span>
     <span class='ocr_line' id='line_1_11' title="bbox 167 677 1358 733; baseline -0.005 -13"><span class='ocrx_word' id='word_1_78' title='bbox 167 682 414 727; x_wconf 86' lang='lat' dir='ltr'><strong>tabellarius,</strong></span> <span class='ocrx_word' id='word_1_79' title='bbox 434 695 556 733; x_wconf 90' lang='lat' dir='ltr'><strong>quem</strong></span> <span class='ocrx_word' id='word_1_80' title='bbox 577 682 629 719; x_wconf 90' lang='lat' dir='ltr'><strong>ad</strong></span> <span class='ocrx_word' id='word_1_81' title='bbox 647 687 690 719; x_wconf 87' lang='lat' dir='ltr'><strong>te</strong></span> <span class='ocrx_word' id='word_1_82' title='bbox 708 683 811 726; x_wconf 89' lang='lat' dir='ltr'><strong>misi,</strong></span> <span class='ocrx_word' id='word_1_83' title='bbox 830 682 977 719; x_wconf 87' lang='lat' dir='ltr'><strong>reverti</strong></span> <span class='ocrx_word' id='word_1_84' title='bbox 997 681 1124 730; x_wconf 86' lang='lat' dir='ltr'><strong>possit</strong></span> <span class='ocrx_word' id='word_1_85' title='bbox 1144 677 1196 716; x_wconf 89' lang='lat' dir='ltr'><strong>ad</strong></span> <span class='ocrx_word' id='word_1_86' title='bbox 1212 690 1293 722; x_wconf 90' lang='lat' dir='ltr'><strong>me,</strong></span> <span class='ocrx_word' id='word_1_87' title='bbox 1315 681 1358 715; x_wconf 86' lang='lat' dir='ltr'><strong>et</strong></span> 
     </span>
     <span class='ocr_line' id='line_1_12' title="bbox 169 737 731 777; baseline -0.002 0"><span class='ocrx_word' id='word_1_88' title='bbox 169 752 193 776; x_wconf 92' lang='lat' dir='ltr'><strong>a</strong></span> <span class='ocrx_word' id='word_1_89' title='bbox 210 744 254 777; x_wconf 91' lang='lat' dir='ltr'><strong>te</strong></span> <span class='ocrx_word' id='word_1_90' title='bbox 272 739 370 776; x_wconf 90' lang='lat' dir='ltr'><strong>mihi</strong></span> <span class='ocrx_word' id='word_1_91' title='bbox 388 738 546 777; x_wconf 87' lang='lat' dir='ltr'><strong>litteras</strong></span> <span class='ocrx_word' id='word_1_92' title='bbox 565 737 731 776; x_wconf 85' lang='lat' dir='ltr'><strong>referat.</strong></span> 
     </span>
    </p>
   </div>
   <div class='ocr_carea' id='block_1_3' title="bbox 750 872 789 910">
    <p class='ocr_par' dir='ltr' id='par_1_3' title="bbox 750 872 789 910">
     <span class='ocr_line' id='line_1_13' title="bbox 750 872 789 910; baseline 0 0"><span class='ocrx_word' id='word_1_93' title='bbox 750 872 789 910; x_wconf 93' lang='lat' dir='ltr'><strong>X</strong></span> 
     </span>
    </p>
   </div>
   <div class='ocr_carea' id='block_1_4' title="bbox 424 969 1107 1084">
    <p class='ocr_par' dir='ltr' id='par_1_4' title="bbox 424 969 1107 1084">
     <span class='ocr_line' id='line_1_14' title="bbox 424 969 1107 999; baseline -0.007 0"><span class='ocrx_word' id='word_1_94' title='bbox 424 973 471 999; x_wconf 79' lang='lat' dir='ltr'><strong>M.</strong></span> <span class='ocrx_word' id='word_1_95' title='bbox 499 973 638 999; x_wconf 79' lang='lat' dir='ltr'>CICERO</span> <span class='ocrx_word' id='word_1_96' title='bbox 665 972 697 998; x_wconf 83' lang='lat' dir='ltr'><strong>S.</strong></span> <span class='ocrx_word' id='word_1_97' title='bbox 726 973 765 998; x_wconf 88' lang='lat' dir='ltr'><strong>D.</strong></span> <span class='ocrx_word' id='word_1_98' title='bbox 793 972 830 998; x_wconf 84' lang='lat' dir='ltr'><strong>P.</strong></span> <span class='ocrx_word' id='word_1_99' title='bbox 859 969 1107 996; x_wconf 64' lang='lat' dir='ltr'>DOLABELLAE</span> 
     </span>
     <span class='ocr_line' id='line_1_15' title="bbox 538 1046 996 1084; baseline -0.004 -5"><span class='ocrx_word' id='word_1_100' title='bbox 538 1046 685 1084; x_wconf 83' lang='lat' dir='ltr'><strong>Romae,</strong></span> <span class='ocrx_word' id='word_1_101' title='bbox 703 1056 809 1078; x_wconf 69' lang='lat' dir='ltr'><strong>A.u.c.</strong></span> <span class='ocrx_word' id='word_1_102' title='bbox 827 1046 996 1078; x_wconf 77' lang='lat'><strong>708—709.</strong></span> 
     </span>
    </p>
   </div>
   <div class='ocr_carea' id='block_1_5' title="bbox 132 1120 1364 1630">
    <p class='ocr_par' dir='ltr' id='par_1_5' title="bbox 132 1120 1364 1630">
     <span class='ocr_line' id='line_1_16' title="bbox 132 1120 1361 1163; baseline -0.006 0"><span class='ocrx_word' id='word_1_103' title='bbox 132 1130 148 1163; x_wconf 92' lang='lat'>1</span> <span class='ocrx_word' id='word_1_104' title='bbox 220 1125 312 1163; x_wconf 92' lang='lat' dir='ltr'><strong>Non</strong></span> <span class='ocrx_word' id='word_1_105' title='bbox 331 1138 419 1162; x_wconf 89' lang='lat' dir='ltr'><strong>sum</strong></span> <span class='ocrx_word' id='word_1_106' title='bbox 439 1137 558 1161; x_wconf 86' lang='lat' dir='ltr'><strong>ausus</strong></span> <span class='ocrx_word' id='word_1_107' title='bbox 578 1123 709 1161; x_wconf 83' lang='lat' dir='ltr'><strong>Salvio</strong></span> <span class='ocrx_word' id='word_1_108' title='bbox 728 1128 865 1161; x_wconf 88' lang='lat' dir='ltr'><strong>nostro</strong></span> <span class='ocrx_word' id='word_1_109' title='bbox 884 1121 982 1159; x_wconf 91' lang='lat' dir='ltr'><strong>nihil</strong></span> <span class='ocrx_word' id='word_1_110' title='bbox 1002 1120 1053 1159; x_wconf 87' lang='lat' dir='ltr'><strong>ad</strong></span> <span class='ocrx_word' id='word_1_111' title='bbox 1071 1126 1116 1158; x_wconf 87' lang='lat' dir='ltr'><strong>te</strong></span> <span class='ocrx_word' id='word_1_112' title='bbox 1133 1120 1361 1158; x_wconf 84' lang='lat' dir='ltr'><strong>litterarum</strong></span> 
     </span>
     <span class='ocr_line' id='line_1_17' title="bbox 169 1177 1361 1228; baseline -0.007 -8"><span class='ocrx_word' id='word_1_113' title='bbox 169 1182 267 1221; x_wconf 89' lang='lat' dir='ltr'><strong>dare</strong></span> <span class='ocrx_word' id='word_1_114' title='bbox 285 1195 295 1227; x_wconf 93' lang='lat'>;</span> <span class='ocrx_word' id='word_1_115' title='bbox 330 1195 406 1219; x_wconf 90' lang='lat' dir='ltr'><strong>nec</strong></span> <span class='ocrx_word' id='word_1_116' title='bbox 427 1180 658 1218; x_wconf 86' lang='lat' dir='ltr'><strong>mehercule</strong></span> <span class='ocrx_word' id='word_1_117' title='bbox 678 1180 895 1224; x_wconf 90' lang='lat' dir='ltr'><strong>habebam,</strong></span> <span class='ocrx_word' id='word_1_118' title='bbox 917 1178 1015 1228; x_wconf 92' lang='lat' dir='ltr'><strong>quid</strong></span> <span class='ocrx_word' id='word_1_119' title='bbox 1035 1178 1265 1222; x_wconf 86' lang='lat' dir='ltr'><strong>scriberem,</strong></span> <span class='ocrx_word' id='word_1_120' title='bbox 1286 1177 1361 1212; x_wconf 82' lang='lat' dir='ltr'><strong>nisi</strong></span> 
     </span>
     <span class='ocr_line' id='line_1_18' title="bbox 169 1230 1361 1285; baseline -0.007 -8"><span class='ocrx_word' id='word_1_121' title='bbox 169 1245 213 1277; x_wconf 89' lang='lat' dir='ltr'><strong>te</strong></span> <span class='ocrx_word' id='word_1_122' title='bbox 249 1252 273 1276; x_wconf 89' lang='lat' dir='ltr'><strong>a</strong></span> <span class='ocrx_word' id='word_1_123' title='bbox 307 1252 374 1276; x_wconf 91' lang='lat' dir='ltr'><strong>me</strong></span> <span class='ocrx_word' id='word_1_124' title='bbox 409 1237 647 1275; x_wconf 88' lang='lat' dir='ltr'><strong>mirabiliter</strong></span> <span class='ocrx_word' id='word_1_125' title='bbox 682 1238 835 1281; x_wconf 84' lang='lat' dir='ltr'><strong>amari;</strong></span> <span class='ocrx_word' id='word_1_126' title='bbox 885 1235 938 1273; x_wconf 90' lang='lat' dir='ltr'><strong>de</strong></span> <span class='ocrx_word' id='word_1_127' title='bbox 973 1247 1068 1285; x_wconf 90' lang='lat' dir='ltr'><strong>quo,</strong></span> <span class='ocrx_word' id='word_1_128' title='bbox 1105 1236 1230 1272; x_wconf 86' lang='lat' dir='ltr'><strong>etiam</strong></span> <span class='ocrx_word' id='word_1_129' title='bbox 1264 1230 1361 1269; x_wconf 82' lang='lat' dir='ltr'><strong>nihil</strong></span> 
     </span>
     <span class='ocr_line' id='line_1_19' title="bbox 171 1289 1362 1338; baseline -0.007 -5"><span class='ocrx_word' id='word_1_130' title='bbox 171 1297 373 1334; x_wconf 85' lang='lat' dir='ltr'><strong>scribente</strong></span> <span class='ocrx_word' id='word_1_131' title='bbox 397 1308 479 1338; x_wconf 90' lang='lat' dir='ltr'><strong>me,</strong></span> <span class='ocrx_word' id='word_1_132' title='bbox 503 1300 547 1332; x_wconf 92' lang='lat' dir='ltr'><strong>te</strong></span> <span class='ocrx_word' id='word_1_133' title='bbox 572 1307 652 1332; x_wconf 92' lang='lat' dir='ltr'><strong>non</strong></span> <span class='ocrx_word' id='word_1_134' title='bbox 677 1293 878 1337; x_wconf 86' lang='lat' dir='ltr'><strong>dubitare,</strong></span> <span class='ocrx_word' id='word_1_135' title='bbox 903 1297 1015 1330; x_wconf 87' lang='lat' dir='ltr'><strong>certo</strong></span> <span class='ocrx_word' id='word_1_136' title='bbox 1039 1293 1132 1328; x_wconf 90' lang='lat' dir='ltr'><strong>scio.</strong></span> <span class='ocrx_word' id='word_1_137' title='bbox 1187 1289 1362 1327; x_wconf 88' lang='lat' dir='ltr'><strong>Omnino</strong></span> 
     </span>
     <span class='ocr_line' id='line_1_20' title="bbox 168 1347 1363 1402; baseline -0.007 -13"><span class='ocrx_word' id='word_1_138' title='bbox 168 1352 265 1389; x_wconf 90' lang='lat' dir='ltr'><strong>mihi</strong></span> <span class='ocrx_word' id='word_1_139' title='bbox 289 1353 417 1402; x_wconf 86' lang='lat' dir='ltr'><strong>magis</strong></span> <span class='ocrx_word' id='word_1_140' title='bbox 439 1351 602 1388; x_wconf 87' lang='lat' dir='ltr'><strong>litterae</strong></span> <span class='ocrx_word' id='word_1_141' title='bbox 625 1355 720 1388; x_wconf 88' lang='lat' dir='ltr'><strong>sunt</strong></span> <span class='ocrx_word' id='word_1_142' title='bbox 743 1347 1042 1399; x_wconf 85' lang='lat' dir='ltr'><strong>exspectandae</strong></span> <span class='ocrx_word' id='word_1_143' title='bbox 1066 1360 1090 1384; x_wconf 88' lang='lat' dir='ltr'><strong>a</strong></span> <span class='ocrx_word' id='word_1_144' title='bbox 1111 1352 1170 1390; x_wconf 88' lang='lat' dir='ltr'><strong>te,</strong></span> <span class='ocrx_word' id='word_1_145' title='bbox 1194 1358 1316 1396; x_wconf 71' lang='lat' dir='ltr'><strong>quam</strong></span> <span class='ocrx_word' id='word_1_146' title='bbox 1338 1356 1363 1381; x_wconf 81' lang='lat' dir='ltr'><strong>a</strong></span> 
     </span>
     <span class='ocr_line' id='line_1_21' title="bbox 170 1403 1362 1456; baseline -0.006 -10"><span class='ocrx_word' id='word_1_147' title='bbox 170 1422 237 1447; x_wconf 90' lang='lat' dir='ltr'><strong>me</strong></span> <span class='ocrx_word' id='word_1_148' title='bbox 258 1409 346 1446; x_wconf 90' lang='lat' dir='ltr'><strong>tibi.</strong></span> <span class='ocrx_word' id='word_1_149' title='bbox 401 1407 509 1445; x_wconf 92' lang='lat' dir='ltr'><strong>Nihil</strong></span> <span class='ocrx_word' id='word_1_150' title='bbox 532 1409 646 1445; x_wconf 87' lang='lat' dir='ltr'><strong>enim</strong></span> <span class='ocrx_word' id='word_1_151' title='bbox 662 1406 815 1444; x_wconf 84' lang='lat' dir='ltr'><strong>Romae</strong></span> <span class='ocrx_word' id='word_1_152' title='bbox 835 1407 1004 1456; x_wconf 86' lang='lat' dir='ltr'><strong>geritur,</strong></span> <span class='ocrx_word' id='word_1_153' title='bbox 1026 1403 1135 1455; x_wconf 93' lang='lat' dir='ltr'><strong>quod</strong></span> <span class='ocrx_word' id='word_1_154' title='bbox 1155 1409 1199 1441; x_wconf 92' lang='lat' dir='ltr'><strong>te</strong></span> <span class='ocrx_word' id='word_1_155' title='bbox 1220 1408 1362 1453; x_wconf 91' lang='lat' dir='ltr'><strong>putem</strong></span> 
     </span>
     <span class='ocr_line' id='line_1_22' title="bbox 171 1459 1362 1509; baseline -0.007 -6"><span class='ocrx_word' id='word_1_156' title='bbox 171 1468 271 1504; x_wconf 87' lang='lat' dir='ltr'><strong>scire</strong></span> <span class='ocrx_word' id='word_1_157' title='bbox 303 1478 458 1509; x_wconf 87' lang='lat' dir='ltr'><strong>curare,</strong></span> <span class='ocrx_word' id='word_1_158' title='bbox 492 1466 567 1501; x_wconf 89' lang='lat' dir='ltr'><strong>nisi</strong></span> <span class='ocrx_word' id='word_1_159' title='bbox 601 1462 708 1501; x_wconf 85' lang='lat' dir='ltr'><strong>forte</strong></span> <span class='ocrx_word' id='word_1_160' title='bbox 741 1465 843 1501; x_wconf 89' lang='lat' dir='ltr'><strong>scire</strong></span> <span class='ocrx_word' id='word_1_161' title='bbox 875 1463 933 1499; x_wconf 91' lang='lat' dir='ltr'><strong>vis</strong></span> <span class='ocrx_word' id='word_1_162' title='bbox 967 1473 1034 1498; x_wconf 91' lang='lat' dir='ltr'><strong>me</strong></span> <span class='ocrx_word' id='word_1_163' title='bbox 1067 1463 1174 1498; x_wconf 89' lang='lat' dir='ltr'><strong>inter</strong></span> <span class='ocrx_word' id='word_1_164' title='bbox 1207 1459 1362 1496; x_wconf 90' lang='lat' dir='ltr'><strong>Niciam</strong></span> 
     </span>
     <span class='ocr_line' id='line_1_23' title="bbox 171 1516 1364 1566; baseline -0.006 -6"><span class='ocrx_word' id='word_1_165' title='bbox 171 1528 353 1560; x_wconf 89' lang='lat' dir='ltr'><strong>nostrum</strong></span> <span class='ocrx_word' id='word_1_166' title='bbox 380 1527 423 1559; x_wconf 91' lang='lat' dir='ltr'><strong>et</strong></span> <span class='ocrx_word' id='word_1_167' title='bbox 447 1521 610 1558; x_wconf 90' lang='lat' dir='ltr'><strong>Vidium</strong></span> <span class='ocrx_word' id='word_1_168' title='bbox 635 1520 809 1558; x_wconf 87' lang='lat' dir='ltr'><strong>iudicem</strong></span> <span class='ocrx_word' id='word_1_169' title='bbox 835 1532 936 1557; x_wconf 89' lang='lat' dir='ltr'><strong>esse.</strong></span> <span class='ocrx_word' id='word_1_170' title='bbox 990 1516 1149 1555; x_wconf 90' lang='lat' dir='ltr'><strong>Profert</strong></span> <span class='ocrx_word' id='word_1_171' title='bbox 1174 1516 1277 1554; x_wconf 87' lang='lat' dir='ltr'><strong>alter</strong></span> <span class='ocrx_word' id='word_1_172' title='bbox 1300 1516 1364 1566; x_wconf 88' lang='lat' dir='ltr'><strong>(ut</strong></span> 
     </span>
     <span class='ocr_line' id='line_1_24' title="bbox 173 1573 1363 1630; baseline -0.006 -13"><span class='ocrx_word' id='word_1_173' title='bbox 173 1578 330 1630; x_wconf 87' lang='lat' dir='ltr'><strong>opinor)</strong></span> <span class='ocrx_word' id='word_1_174' title='bbox 348 1578 504 1616; x_wconf 90' lang='lat' dir='ltr'><strong>duobus</strong></span> <span class='ocrx_word' id='word_1_175' title='bbox 521 1576 724 1614; x_wconf 88' lang='lat' dir='ltr'><strong>versiculis</strong></span> <span class='ocrx_word' id='word_1_176' title='bbox 743 1588 967 1626; x_wconf 88' lang='lat' dir='ltr'><strong>expensum</strong></span> <span class='ocrx_word' id='word_1_177' title='bbox 985 1574 1138 1618; x_wconf 87' lang='lat' dir='ltr'><strong>Niciae,</strong></span> <span class='ocrx_word' id='word_1_178' title='bbox 1155 1573 1259 1611; x_wconf 87' lang='lat' dir='ltr'><strong>alter</strong></span> <span class='ocrx_word' id='word_1_179' title='bbox 1275 1573 1363 1610; x_wconf 84' lang='lat' dir='ltr'><strong>Ari-</strong></span> 
     </span>
    </p>
   </div>
   <div class='ocr_carea' id='block_1_6' title="bbox 169 1686 1363 1988">
    <p class='ocr_par' dir='ltr' id='par_1_6' title="bbox 221 1686 1018 1729">
     <span class='ocr_line' id='line_1_25' title="bbox 221 1686 1018 1729; baseline -0.006 -6"><span class='ocrx_word' id='word_1_180' title='bbox 221 1695 238 1711; x_wconf 80' lang='lat'><strong>⁴²</strong></span> <span class='ocrx_word' id='word_1_181' title='bbox 262 1690 401 1725; x_wconf 86' lang='lat' dir='ltr'><strong>Salvius</strong></span> <span class='ocrx_word' id='word_1_182' title='bbox 417 1699 489 1722; x_wconf 88' lang='lat' dir='ltr'><strong>was</strong></span> <span class='ocrx_word' id='word_1_183' title='bbox 505 1699 527 1721; x_wconf 90' lang='lat' dir='ltr'><strong>a</strong></span> <span class='ocrx_word' id='word_1_184' title='bbox 543 1688 687 1729; x_wconf 80' lang='lat' dir='ltr'><strong>literary</strong></span> <span class='ocrx_word' id='word_1_185' title='bbox 703 1687 798 1720; x_wconf 89' lang='lat' dir='ltr'><strong>slave</strong></span> <span class='ocrx_word' id='word_1_186' title='bbox 814 1686 854 1719; x_wconf 89' lang='lat' dir='ltr'><strong>of</strong></span> <span class='ocrx_word' id='word_1_187' title='bbox 867 1687 1018 1718; x_wconf 90' lang='lat' dir='ltr'><strong>Atticus.</strong></span> 
     </span>
    </p>

    <p class='ocr_par' dir='ltr' id='par_1_7' title="bbox 176 1727 1363 1810">
     <span class='ocr_line' id='line_1_26' title="bbox 223 1727 1363 1772; baseline -0.006 -6"><span class='ocrx_word' id='word_1_188' title='bbox 223 1733 236 1754; x_wconf 70' lang='lat'><em>⁶</em></span> <span class='ocrx_word' id='word_1_189' title='bbox 262 1734 383 1766; x_wconf 83' lang='lat' dir='ltr'><strong>Nicias</strong></span> <span class='ocrx_word' id='word_1_190' title='bbox 403 1732 546 1765; x_wconf 84' lang='lat' dir='ltr'><strong>Curtius</strong></span> <span class='ocrx_word' id='word_1_191' title='bbox 566 1731 606 1764; x_wconf 84' lang='lat' dir='ltr'><strong>of</strong></span> <span class='ocrx_word' id='word_1_192' title='bbox 623 1730 704 1769; x_wconf 86' lang='lat' dir='ltr'><strong>Cos,</strong></span> <span class='ocrx_word' id='word_1_193' title='bbox 724 1741 747 1762; x_wconf 82' lang='lat' dir='ltr'><strong>a</strong></span> <span class='ocrx_word' id='word_1_194' title='bbox 766 1730 1020 1772; x_wconf 82' lang='lat' dir='ltr'><strong>grammarian,</strong></span> <span class='ocrx_word' id='word_1_195' title='bbox 1041 1727 1113 1760; x_wconf 87' lang='lat' dir='ltr'><strong>and</strong></span> <span class='ocrx_word' id='word_1_196' title='bbox 1134 1738 1181 1760; x_wconf 84' lang='lat' dir='ltr'><strong>an</strong></span> <span class='ocrx_word' id='word_1_197' title='bbox 1201 1728 1363 1760; x_wconf 85' lang='lat' dir='ltr'><strong>intimate</strong></span> 
     </span>
     <span class='ocr_line' id='line_1_27' title="bbox 176 1775 560 1810; baseline -0.01 0"><span class='ocrx_word' id='word_1_198' title='bbox 176 1776 292 1810; x_wconf 86' lang='lat' dir='ltr'><strong>friend</strong></span> <span class='ocrx_word' id='word_1_199' title='bbox 309 1776 349 1808; x_wconf 83' lang='lat' dir='ltr'><strong>of</strong></span> <span class='ocrx_word' id='word_1_200' title='bbox 364 1775 560 1809; x_wconf 81' lang='lat' dir='ltr'><strong>Dolabella.</strong></span> 
     </span>
    </p>

    <p class='ocr_par' dir='ltr' id='par_1_8' title="bbox 169 1812 1363 1988">
     <span class='ocr_line' id='line_1_28' title="bbox 223 1812 1363 1861; baseline -0.007 -8"><span class='ocrx_word' id='word_1_201' title='bbox 223 1825 236 1842; x_wconf 79' lang='lat'><em>⁰</em></span> <span class='ocrx_word' id='word_1_202' title='bbox 257 1819 387 1853; x_wconf 86' lang='lat' dir='ltr'><strong>Vidius</strong></span> <span class='ocrx_word' id='word_1_203' title='bbox 421 1818 596 1861; x_wconf 86' lang='lat' dir='ltr'><strong>produces</strong></span> <span class='ocrx_word' id='word_1_204' title='bbox 632 1827 731 1850; x_wconf 88' lang='lat' dir='ltr'><strong>some</strong></span> <span class='ocrx_word' id='word_1_205' title='bbox 765 1814 1117 1856; x_wconf 80' lang='lat' dir='ltr'><strong>aeknowledgments</strong></span> <span class='ocrx_word' id='word_1_206' title='bbox 1146 1813 1188 1847; x_wconf 86' lang='lat' dir='ltr'><strong>of</strong></span> <span class='ocrx_word' id='word_1_207' title='bbox 1215 1824 1238 1846; x_wconf 82' lang='lat' dir='ltr'><strong>a</strong></span> <span class='ocrx_word' id='word_1_208' title='bbox 1268 1812 1363 1851; x_wconf 87' lang='lat' dir='ltr'><strong>loan,</strong></span> 
     </span>
     <span class='ocr_line' id='line_1_29' title="bbox 175 1856 1363 1906; baseline -0.008 -10"><span class='ocrx_word' id='word_1_209' title='bbox 175 1863 335 1906; x_wconf 89' lang='lat' dir='ltr'><strong>possibly</strong></span> <span class='ocrx_word' id='word_1_210' title='bbox 355 1863 391 1894; x_wconf 90' lang='lat' dir='ltr'><strong>in</strong></span> <span class='ocrx_word' id='word_1_211' title='bbox 415 1861 568 1894; x_wconf 87' lang='lat' dir='ltr'><strong>Nicias&#39;s</strong></span> <span class='ocrx_word' id='word_1_212' title='bbox 590 1860 842 1901; x_wconf 81' lang='lat' dir='ltr'><strong>handwritjng,</strong></span> <span class='ocrx_word' id='word_1_213' title='bbox 856 1858 922 1891; x_wconf 81' lang='lat' dir='ltr'><strong>but</strong></span> <span class='ocrx_word' id='word_1_214' title='bbox 945 1858 1067 1890; x_wconf 90' lang='lat' dir='ltr'><strong>Nicias</strong></span> <span class='ocrx_word' id='word_1_215' title='bbox 1088 1857 1245 1890; x_wconf 83' lang='lat' dir='ltr'><strong>declares</strong></span> <span class='ocrx_word' id='word_1_216' title='bbox 1266 1856 1363 1888; x_wconf 87' lang='lat' dir='ltr'><strong>them</strong></span> 
     </span>
     <span class='ocr_line' id='line_1_30' title="bbox 175 1898 1363 1947; baseline -0.007 -8"><span class='ocrx_word' id='word_1_217' title='bbox 175 1909 214 1939; x_wconf 88' lang='lat' dir='ltr'><strong>to</strong></span> <span class='ocrx_word' id='word_1_218' title='bbox 235 1906 280 1938; x_wconf 91' lang='lat' dir='ltr'><strong>be</strong></span> <span class='ocrx_word' id='word_1_219' title='bbox 295 1917 317 1938; x_wconf 92' lang='lat' dir='ltr'><strong>a</strong></span> <span class='ocrx_word' id='word_1_220' title='bbox 331 1905 488 1947; x_wconf 83' lang='lat' dir='ltr'><strong>forgery.</strong></span> <span class='ocrx_word' id='word_1_221' title='bbox 545 1904 669 1937; x_wconf 72' lang='lat' dir='ltr'><strong>Versus</strong></span> <span class='ocrx_word' id='word_1_222' title='bbox 691 1913 758 1935; x_wconf 85' lang='lat' dir='ltr'><strong>can</strong></span> <span class='ocrx_word' id='word_1_223' title='bbox 781 1901 941 1935; x_wconf 85' lang='lat' dir='ltr'><strong>describe</strong></span> <span class='ocrx_word' id='word_1_224' title='bbox 964 1912 985 1934; x_wconf 84' lang='lat' dir='ltr'><strong>a</strong></span> <span class='ocrx_word' id='word_1_225' title='bbox 1008 1903 1030 1918; x_wconf 92' lang='grc'>“</span> <span class='ocrx_word' id='word_1_226' title='bbox 1041 1900 1112 1933; x_wconf 92' lang='lat' dir='ltr'><strong>line</strong></span> <span class='ocrx_word' id='word_1_227' title='bbox 1123 1900 1144 1914; x_wconf 87' lang='lat'>”</span> <span class='ocrx_word' id='word_1_228' title='bbox 1168 1901 1205 1932; x_wconf 90' lang='lat' dir='ltr'><strong>in</strong></span> <span class='ocrx_word' id='word_1_229' title='bbox 1227 1909 1249 1932; x_wconf 81' lang='lat' dir='ltr'><strong>a</strong></span> <span class='ocrx_word' id='word_1_230' title='bbox 1270 1898 1363 1941; x_wconf 90' lang='lat' dir='ltr'><strong>legal</strong></span> 
     </span>
     <span class='ocr_line' id='line_1_31' title="bbox 169 1943 955 1988; baseline -0.006 -6"><span class='ocrx_word' id='word_1_231' title='bbox 169 1948 364 1983; x_wconf 83' lang='lat' dir='ltr'><strong>document</strong></span> <span class='ocrx_word' id='word_1_232' title='bbox 378 1958 418 1981; x_wconf 83' lang='lat' dir='ltr'><strong>as</strong></span> <span class='ocrx_word' id='word_1_233' title='bbox 432 1947 511 1981; x_wconf 89' lang='lat' dir='ltr'><strong>well</strong></span> <span class='ocrx_word' id='word_1_234' title='bbox 526 1957 566 1980; x_wconf 82' lang='lat' dir='ltr'><strong>as</strong></span> <span class='ocrx_word' id='word_1_235' title='bbox 581 1957 604 1980; x_wconf 85' lang='lat' dir='ltr'><strong>a</strong></span> <span class='ocrx_word' id='word_1_236' title='bbox 619 1946 723 1979; x_wconf 88' lang='lat' dir='ltr'><strong>“line</strong></span> <span class='ocrx_word' id='word_1_237' title='bbox 737 1944 779 1978; x_wconf 89' lang='lat' dir='ltr'><strong>of</strong></span> <span class='ocrx_word' id='word_1_238' title='bbox 790 1943 955 1988; x_wconf 77' lang='lat' dir='ltr'><strong>poetry.”</strong></span> 
     </span>
    </p>
   </div>
   <div class='ocr_carea' id='block_1_7' title="bbox 182 2005 261 2040">
    <p class='ocr_par' dir='ltr' id='par_1_9' title="bbox 182 2005 261 2040">
     <span class='ocr_line' id='line_1_32' title="bbox 182 2005 261 2040; baseline -0.025 0"><span class='ocrx_word' id='word_1_239' title='bbox 182 2005 261 2040; x_wconf 81' lang='grc'><strong>214-</strong></span> 
     </span>
    </p>
   </div>
  </div>
 </body>
</html>
