1448 2236
710 65 912 105 CICERO

217 171 376 218 experti
413 182 563 207 sumus.
617 169 693 208 Est
721 172 829 207 enim
857 176 930 209 tua
955 176 1053 223 toga
1080 174 1259 210 omnium
1285 174 1404 210 armis

216 229 368 268 felicior
382 242 392 276 ;
418 243 524 281 quae
543 244 650 269 nunc
669 244 831 282 quoque
850 233 964 270 nobis
982 245 1115 283 paene
1134 236 1283 271 victam
1300 246 1405 271 rem—

215 291 418 342 publicam
452 305 503 330 ex
535 294 721 331 manibus
754 293 930 331 hostium
962 296 1111 344 eripuit
1135 308 1183 332 ac
1213 294 1403 333 reddidit.

216 352 332 391 Nunc
348 366 444 405 ergo
463 356 642 392 vivemus
660 354 775 392 liberi
790 367 800 400 ;
829 368 934 393 nunc
945 361 1011 402 te,
1030 358 1208 394 omnium
1226 358 1403 394 maxime

215 417 323 461 civis,
344 421 387 453 et
409 416 507 453 mihi
529 419 731 454 carissime
752 417 810 468 (id
829 417 937 468 quod
955 419 1140 455 maximis
1158 417 1402 468 reipublicae

215 477 394 515 tenebris
431 478 692 530 comperisti),
730 492 835 516 nunc
880 484 924 517 te
970 478 1208 517 habebimus
1251 484 1402 518 testem

215 541 341 576 nostri
356 544 400 576 et
414 542 455 576 in
470 545 514 577 te
530 545 573 578 et
586 542 629 577 in
643 542 1008 579 coniunctissimam
1023 541 1098 579 tibi
1111 540 1401 592 rempublicam

172 630 175 632 .
214 603 373 646 amoris,
398 607 441 638 et
463 614 569 652 quae
594 614 718 652 saepe
740 602 939 652 pollicitus
965 615 1008 640 es
1033 608 1078 640 te
1102 608 1146 640 et
1167 604 1399 648 taciturum,

213 661 311 699 dum
333 665 586 708 serviremus,
610 669 653 701 et
676 663 877 701 dicturum
900 664 952 702 de
975 677 1042 702 me
1064 670 1166 710 tum,
1187 677 1279 702 cum
1301 663 1399 702 mihi

212 722 424 773 profutura
439 730 588 769 essent,
605 738 710 763 nunc
728 725 796 763 illa
815 739 896 763 non
915 738 992 777 ego
1007 726 1171 777 quidem
1190 726 1268 763 dici
1282 730 1399 764 tanto

212 797 334 835 opere
347 786 598 831 desiderabo,
611 799 733 837 quam
747 789 887 825 sentiri
902 800 926 825 a
939 792 983 825 te
997 790 1097 838 ipso.
1132 786 1276 838 Neque
1291 789 1398 824 enim

211 849 390 884 omnium
402 848 548 885 iudicio
559 847 697 885 malim
708 861 775 886 me
788 862 812 886 a
823 854 867 886 te
880 849 1165 894 commendari,
1178 861 1300 900 quam
1312 850 1398 899 ipse

211 913 282 946 tuo
305 908 451 947 iudicio
475 909 597 960 digne
621 923 667 947 ac
689 923 847 947 mereor
869 910 1175 954 commendatus
1199 923 1286 948 esse
1305 922 1315 955 ;
1351 915 1399 948 ut

211 969 311 1007 haec
337 973 551 1008 novissima
575 977 713 1009 nostra
737 970 860 1017 facta,
885 985 967 1009 non
991 972 1139 1017 subita,
1164 984 1239 1009 nec
1263 974 1398 1009 incon-

210 1031 447 1077 venientia,¹
488 1033 561 1070 sed
592 1032 736 1070 similia
765 1033 840 1071 illis
871 1034 1196 1085 cogitationibus,
1228 1045 1397 1084 quarum

209 1098 257 1131 tu
278 1096 395 1131 testis
417 1107 474 1139 es,
495 1093 618 1132 fuisse
639 1095 804 1140 iudices,
825 1107 973 1146 meque
995 1095 1048 1133 ad
1067 1097 1263 1145 optimam
1283 1107 1397 1145 spem

209 1157 366 1204 patriae
392 1169 473 1193 non
498 1158 708 1193 minimum
735 1157 808 1194 tibi
835 1159 910 1206 ipsi
935 1157 1238 1207 producendum
1263 1161 1397 1206 putes.

170 1220 191 1251 2
209 1215 313 1254 Sunt
332 1217 420 1262 tibi,
442 1217 502 1255 M.
521 1217 638 1262 Tulli,
656 1217 771 1255 liberi
789 1220 1084 1269 propinquique
1103 1218 1215 1269 digni
1233 1217 1397 1268 quidem

209 1283 253 1315 te
283 1283 327 1316 et
355 1281 500 1316 merito
530 1279 604 1317 tibi
634 1282 837 1317 carissimi.
890 1279 989 1317 Esse
1020 1282 1145 1317 etiam
1174 1279 1328 1318 debent
1354 1280 1397 1316 in

208 1340 414 1389 republica
443 1336 625 1390 proxime
656 1341 726 1378 hos
757 1344 852 1386 cari,
883 1344 952 1392 qui
981 1341 1206 1379 studiorum
1235 1346 1396 1378 tuorum

208 1407 304 1439 sunt
334 1402 494 1447 aemuli,
525 1415 694 1453 quorum
726 1416 813 1440 esse
843 1405 960 1453 cupio
990 1403 1064 1440 tibi
1094 1405 1263 1453 copiam.
1315 1401 1396 1439 Sed

208 1468 347 1500 tamen
363 1477 443 1501 non
458 1466 635 1501 maxima
650 1477 715 1502 me
732 1465 852 1502 turba
866 1470 966 1515 puto
983 1464 1154 1509 excludi,
1170 1477 1250 1514 quo
1264 1465 1394 1500 minus
1441 1457 1443 1461 ⁴

207 1524 281 1562 tibi
308 1530 425 1562 vacet
451 1538 517 1562 me
546 1528 745 1576 excipere,
773 1532 817 1564 et
843 1526 895 1564 ad
922 1529 1069 1571 omnia,
1096 1538 1201 1576 quae
1228 1524 1324 1563 velis
1351 1529 1395 1563 et
1440 1533 1448 1537 ’”

312 1603 328 1623 ²
355 1602 570 1636 Cratander:
596 1605 815 1636 covenientia
836 1603 895 1637 M:
921 1605 1165 1637 convenientia
1182 1603 1298 1637 Klotz.

259 1699 275 1715 ⁸
297 1694 420 1728 Cicero
432 1695 467 1727 in
480 1694 534 1727 his
547 1705 625 1727 own
637 1704 754 1736 poem,
765 1694 818 1727 De
830 1695 915 1726 meis
928 1695 1149 1736 temporibus,
1160 1693 1232 1727 had
1243 1695 1392 1732 written,

210 1735 233 1752 ‘⁴
248 1737 383 1771 Cedant
408 1749 508 1770 arma
533 1741 641 1779 toyae,
671 1737 832 1770 concedat
863 1737 985 1770 laurea
1010 1737 1148 1775 laudi‚”
1175 1737 1196 1751 “
1208 1737 1276 1770 Let
1298 1747 1393 1770 arms

210 1780 304 1822 yield
321 1784 359 1814 to
375 1781 436 1813 the
451 1784 548 1823 toga,
566 1780 639 1813 and
654 1780 715 1813 the
729 1779 842 1813 laurel
857 1779 912 1822 (of
926 1780 1081 1822 military
1097 1780 1282 1822 conquest)
1298 1779 1391 1822 yield

210 1823 459 1866 unreservedly
476 1827 513 1856 to
530 1823 650 1865 (civic),
663 1823 815 1865 praise.”

258 1866 271 1886 ⁶
295 1866 461 1909 Tyrrell’s
482 1866 691 1899 translation
713 1865 734 1879 ‘⁶
749 1866 828 1898 that
849 1876 920 1907 you
942 1865 1101 1908 yourself
1119 1864 1246 1898 should
1266 1865 1312 1898 be
1331 1865 1392 1898 the

210 1911 307 1942 main
337 1920 444 1943 cause
474 1909 515 1942 of
542 1920 604 1951 my
634 1909 891 1942 advancement
905 1908 927 1923 ”
959 1908 1076 1942 would
1106 1908 1224 1951 surely
1254 1909 1391 1950 require

208 1953 351 1985 minime
368 1954 404 1986 in
421 1952 481 1986 the
496 1955 579 1991 text,
596 1951 668 1985 and
685 1955 747 1985 not
761 1953 958 1986 minimum.

205 2007 281 2042 552
