1448 2236
660 83 861 123 CICERO

166 204 324 231 morum
342 193 540 230 societate
561 192 775 241 seiungas3
802 189 952 228 deinde
974 195 1020 229 et
1039 193 1200 229 senatui
1220 192 1353 231 bonis-
1443 230 1448 251 4

168 270 249 308 que
268 256 453 295 omnibus
473 260 695 300 auctorem,
712 256 950 305 principem,
964 254 1111 293 ducem
1127 257 1325 306 praebeas
1342 270 1358 303 ;·
1442 254 1448 300 j

167 327 387 373 postremo,
402 325 450 358 ut
466 332 611 370 pacem
632 332 720 357 esse
738 318 892 357 iudices
906 333 987 357 non
1005 322 1047 357 in
1062 323 1181 364 armis
1199 323 1354 372 positis,
1446 311 1448 314 Ι

168 386 242 425 sed
268 388 308 423 in
338 385 498 423 abiecto
526 397 728 422 armorum
757 389 801 422 et
826 386 1032 422 servitutis
1059 390 1188 423 metu.
1241 385 1355 426 Haec

169 454 202 490 si
229 456 273 489 et
296 463 393 501 ages
419 455 463 487 et
489 451 655 493 senties,
677 454 767 487 tum
794 451 871 486 eris
897 462 978 487 non
1002 449 1124 488 modo
1149 451 1287 489 consul
1312 457 1356 490 et

168 515 400 559 consularis,
415 513 489 552 sed
506 526 677 564 magnus
698 515 823 550 etiam
842 518 887 551 et
905 513 1044 551 consul
1064 519 1108 552 et
1125 515 1355 565 consularis:

168 579 238 618 Sin
264 579 395 623 aliter,
416 584 489 616 tua
515 580 558 615 in
585 580 672 615 istis
701 577 953 628 amplissimis
978 579 1206 617 nominibus
1233 578 1356 619 hono-

167 658 258 683 rum
272 657 353 682 non
367 642 488 681 modo
506 642 683 693 dignitas
698 641 808 679 nulla
823 644 914 687 erit,
928 642 1002 680 sed
1020 645 1098 681 erit
1111 655 1270 682 summa
1285 644 1356 691 de-

168 708 365 748 formitas.
416 707 531 745 Haec
549 706 743 758 impulsus
762 706 1047 745 benevolentia
1065 710 1202 758 scripsi
1220 708 1355 759 paullo

167 775 370 818 severius3
413 785 518 823 quae
549 777 598 810 tu
627 774 671 809 in
699 771 946 821 experiendo
975 784 1024 810 ea
1050 774 1221 819 ratione,
1249 786 1356 825 quae

168 844 214 878 te
231 838 356 889 digna
375 842 452 882 est,
470 849 567 874 vera
586 849 674 874 esse
693 834 923 886 cognosces.

723 1122 805 1162 VII

573 1258 744 1285 PLANcus
772 1258 957 1285 CICERONI

478 1366 522 1401 In
539 1366 657 1401 Gallia
672 1365 835 1405 Comata,
851 1377 957 1400 ΔΑΜ).
975 1368 1054 1400 711.

134 1500 151 1533 1
222 1491 342 1529 Plura
361 1490 436 1528 tibi
457 1489 509 1528 de
529 1491 630 1526 meis
650 1488 821 1526 consiliis
841 1488 1059 1526 scriberem
1077 1491 1359 1541 rationemque

170 1558 349 1595 omnium
395 1567 530 1591 rerum
576 1553 791 1590 redderem
837 1552 1057 1598 verbosius,
1104 1565 1184 1604 quo
1230 1557 1358 1606 magis

170 1621 382 1664 iudicares,
414 1620 549 1656 omnia
580 1630 648 1655 me
679 1617 924 1667 reipublicae
956 1619 1222 1667 praestitisse,
1254 1631 1359 1669 quae

172 1691 216 1724 et
239 1690 312 1723 tua
337 1682 619 1722 exhortatione
645 1683 787 1731 excepi
812 1686 856 1719 et
879 1694 972 1719 mea
995 1681 1260 1720 affirmatione
1283 1683 1359 1721 tibi

171 1751 335 1799 recepi;
374 1748 472 1799 (non
496 1749 627 1784 minus
654 1748 761 1783 enim
786 1758 811 1783 a
833 1751 879 1784 te
901 1746 1076 1796 probari,
1102 1758 1223 1796 quam
1248 1744 1359 1799 diligi

109 1844 111 1848 .
171 1826 334 1864 semper
364 1812 499 1856 volui;
534 1818 609 1849 nec
641 1816 685 1849 te
721 1811 850 1861 magis
882 1811 923 1847 in
955 1809 1073 1860 culpa
1105 1809 1359 1849 defensorem

169 1878 268 1916 mihi
283 1879 435 1928 paravi,
452 1889 573 1926 quam
589 1874 909 1926 praedicatorem
925 1877 1161 1912 meritorum
1176 1888 1358 1913 meorum

172 1955 261 1981 esse
276 1941 398 1994 volui)
414 1953 425 1987 ς
453 1940 527 1978 sed
541 1940 766 1979 breviorem
778 1951 846 1977 me
860 1938 966 1977 duae
979 1951 1044 1977 res
1057 1937 1212 1984 faciunt
1226 1951 1236 1984 ;
1266 1952 1360 1985 una,

173 2008 253 2043 310
