1448 2236
691 70 892 111 CICERO

196 171 294 209 mihi
320 185 435 210 carus
463 185 585 211 esses.
638 173 759 221 Quod
786 178 975 226 quoniam
1002 183 1175 230 uterque
1202 187 1380 221 nostrum

195 231 433 264 consecutus
471 232 547 272 est,
582 227 782 278 reliquum
818 235 894 275 est,
931 236 977 269 ut
1011 231 1146 270 officiis
1182 240 1381 274 certemus

195 281 303 317 inter
330 292 430 326 nos;
474 281 618 331 quibus
647 294 779 333 aequo
807 285 941 322 animo
970 284 1034 323 vel
1062 288 1219 326 vincam
1247 293 1291 327 te
1319 289 1382 329 vel

195 336 328 371 vincar
356 334 426 372 abs
453 339 509 372 te.
562 334 691 373 Acilio
715 349 797 374 non
821 335 944 376 fuisse
970 351 1135 378 necesse
1160 354 1272 380 meas
1297 342 1382 381 dari

155 392 177 424 2
195 386 365 433 litteras,
398 386 515 426 facile
547 391 692 439 patior.
746 389 893 441 Sulpici
926 392 1002 429 tibi
1034 406 1157 443 opera
1189 395 1381 447 intellego

195 454 246 478 ex
269 444 350 479 tuis
371 440 517 479 litteris
539 455 620 480 non
642 442 815 482 multum
837 458 937 495 opus
958 445 1081 484 fuisse
1102 454 1270 499 propter
1290 455 1380 489 tuas

194 507 258 532 res
291 497 350 532 ita
382 501 622 542 contractas,
656 502 716 542 ut,
750 499 1090 548 quemadmodum
1123 503 1274 548 scribis,
1306 517 1380 543 nec
1432 519 1433 522 ¹

195 554 318 599 caput
367 562 443 587 nec
492 549 632 599 pedes.
685 550 886 601 Equidem
936 553 1095 600 vellem,
1146 558 1206 594 uti
1255 557 1380 607 pedes

193 601 407 648 haberent,
420 608 466 640 ut
479 602 694 654 aliquando
706 605 870 643 redires.
923 606 1045 645 Vides
1059 610 1166 647 enim
1178 614 1378 650 exaruisse

195 658 278 694 iam
296 661 478 694 veterem
496 657 771 697 urbanitatem
787 671 797 704 3
830 665 877 697 ut
895 659 1137 711 Pomponius
1154 669 1291 702 noster
1307 678 1378 704 suo

193 712 281 748 iure
298 712 425 760 possit
443 710 590 756 dicere,

264 781 332 813 nisi
347 790 412 814 nos
427 782 533 823 pauci
549 782 761 815 retineamus
777 783 927 825 gloriam
942 786 1128 827 antiquam
1144 786 1313 821 Atticam.

194 840 302 891 Ergo
320 842 352 877 is
371 840 459 886 tibi,
478 853 549 878 nos
569 843 606 878 ei
625 842 886 882 succedimus.
939 843 1042 882 Veni
1059 847 1197 896 igitur,
1215 860 1379 898 quaeso,

193 906 245 931 ne
285 898 424 931 tamen
464 907 604 932 semen
643 896 883 934 urbanitatis
924 911 1004 935 una
1043 912 1135 936 cum
1174 900 1379 951 republica

192 949 382 986 intereat.

705 1044 865 1083 XXXII

499 1140 546 1168 Μ.
574 1143 712 1168 CICERO
739 1143 771 1169 S.
799 1144 838 1170 D.
865 1144 1069 1171 VOLUMNIO

582 1216 623 1250 In
641 1216 775 1256 Cilicia,
791 1229 897 1251 A.u.c.
915 1221 992 1252 703.

154 1289 171 1323 l
241 1284 362 1332 Quod
394 1286 481 1323 sine
513 1287 774 1335 praenomine
808 1285 1070 1334 familiariter,
1104 1294 1151 1327 ut
1184 1289 1375 1336 debebas,

191 1338 244 1377 ad
266 1351 332 1376 me
355 1337 567 1389 epistolam
589 1340 745 1384 misisti,
767 1342 941 1390 primum
963 1341 1211 1388 addubitavi,
1234 1357 1330 1382 num
1353 1358 1376 1382 a
1434 1367 1435 1370 =

191 1391 403 1430 Volumnio
430 1398 617 1430 senatore
646 1398 766 1438 esset,
794 1406 966 1444 quocum
991 1395 1089 1433 mihi
1117 1402 1180 1434 est
1206 1410 1375 1449 magnus
1443 1431 1448 1449 ἲ.

191 1459 286 1483 usus
305 1458 314 1490 ;
349 1446 497 1484 deinde
517 1445 745 1495 εὐτραπελία
763 1446 991 1485 litterarum
1014 1448 1126 1495 fecit,
1148 1455 1194 1488 ut
1218 1451 1374 1489 intelle—
1438 1455 1448 1504 j

238 1520 254 1535 ⁰
276 1515 344 1548 See
359 1519 442 1548 note
458 1527 503 1548 on
520 1517 578 1548 vii.
595 1519 650 1549 29.
671 1519 700 1549 1.

240 1559 253 1579 δ
278 1558 340 1595 Or,
358 1558 463 1601 “you
485 1559 590 1592 could
613 1559 720 1593 make
742 1560 877 1593 neither
899 1560 991 1593 head
1014 1572 1078 1594 nor
1097 1561 1160 1594 tail
1180 1561 1220 1595 of
1239 1563 1373 1597 them.”
1436 1556 1439 1562 ¹

193 1601 306 1634 There
330 1612 414 1643 may
436 1601 511 1634 also
533 1602 577 1635 be
599 1613 621 1635 a
643 1603 728 1645 play
750 1614 796 1636 on
818 1603 1103 1646 caput=capitaL
1158 1604 1372 1646 Contractas,
1438 1610 1448 1659 ᾗ

190 1644 239 1687 by
254 1656 277 1677 a
292 1645 414 1678 double
429 1649 572 1684 emente,
591 1646 729 1688 implies
748 1650 770 1664 “
780 1646 1006 1680 diminished.
1019 1647 1040 1661 ’⁵

242 1692 254 1708 ⁶
278 1687 429 1721 Atticus.

239 1731 255 1751 ‘¹
277 1730 352 1763 The
366 1730 387 1744 ‘⁴
403 1730 500 1764 Attic
516 1730 619 1773 glory
635 1731 656 1745 ”
671 1733 699 1764 is
713 1732 907 1771 urbanitas,
921 1732 1035 1766 which
1049 1734 1085 1766 in
1098 1734 1198 1767 those
1210 1735 1372 1768 troubled
1439 1715 1448 1748 ὲ

193 1775 296 1807 times
312 1773 384 1807 had
400 1773 632 1816 disappeared
648 1774 741 1807 from
757 1775 878 1816 public
893 1775 965 1808 life.

241 1822 254 1837 ⁸
278 1817 311 1849 A
327 1817 479 1859 wealthy
491 1817 630 1850 Roman
645 1816 788 1860 knight,
801 1818 997 1860 praefectus
1005 1818 1152 1861 fabrum
1160 1822 1198 1852 to
1213 1819 1371 1863 Antony.
1442 1846 1448 1851 .

239 1861 255 1883 ¹
277 1861 346 1899 i.e.,
364 1860 522 1898 Publius,
538 1860 750 1902 Eutrapelus
767 1861 875 1903 being
890 1861 944 1894 his
965 1872 1175 1903 cognomen,
1191 1873 1237 1895 on
1258 1864 1370 1897 which

195 1901 317 1935 Cicero
340 1903 442 1946 plays
458 1905 493 1936 in
513 1903 654 1945 talking
668 1903 708 1936 of
720 1907 911 1944 εὐτραπελία
927 1904 1132 1947 (“graceful
1146 1905 1324 1949 badinage
1335 1906 1370 1949 ”)

195 1945 318 1979 below.
349 1946 402 1980 St.
414 1947 502 1980 Paul
512 1957 626 1980 warns
635 1947 694 1980 the
706 1947 902 1989 Ephesians
912 1948 960 1990 (v.
970 1948 1006 1989 4)
1015 1949 1156 1990 against
1167 1951 1369 1991 εὐτραπελία,

195 2001 247 2040 90
