1448 2236
687 72 888 112 CICERO

193 189 333 228 quare,
357 176 514 229 Lepido
535 180 750 217 coniuncto
773 178 826 217 ad
846 178 1139 231 rempublicam
1159 178 1383 221 defenden-

192 252 302 299 dam,
323 255 478 292 minore
500 253 769 293 sollicitudine
790 260 926 294 vestra
946 256 1116 307 perditis
1137 258 1383 296 resisterem.

194 328 343 367 Omnia
368 311 407 368 ei
431 335 475 368 et
497 333 659 381 petenti
683 333 833 382 recepi,
859 337 903 370 et
925 332 1032 371 ultro
1055 332 1257 383 pollicitus
1281 345 1384 378 sum,

193 407 413 457 scripsique
431 407 507 445 tibi
525 407 649 446 biduo
669 413 779 453 ante,
797 407 1000 447 confidere
1017 422 1085 447 me
1101 409 1208 448 bono
1227 408 1385 460 Lepido

196 494 284 520 esse
318 496 484 520 usurum
517 485 802 535 communique
834 485 998 524 consilio
1030 485 1184 523 bellum
1217 485 1386 524 admini-

194 563 429 597 straturum.
483 558 646 598 Credidi
682 560 956 611 chirographis
994 563 1094 607 eius,
1131 561 1385 600 affirmationi

194 637 420 685 praesentis
443 635 689 681 Laterensis,
710 639 779 688 qui
799 642 888 675 tum
909 637 1019 688 apud
1036 650 1104 676 me
1125 643 1228 683 erat,
1247 642 1386 676 recon-

195 710 455 762 ciliaremque
482 725 549 750 me
578 711 734 763 Lepido
762 712 968 764 fidemque
994 712 1202 758 haberem,
1229 711 1384 751 orabat.

196 786 288 825 Non
312 787 426 826 licuit
451 788 603 827 diutius
628 789 735 827 bene
760 788 813 827 de
839 802 888 828 eo
913 802 1089 840 sperare.
1144 787 1250 826 Illud
1273 793 1386 826 certe
1444 791 1448 831 ἶ

195 865 281 901 cavi
298 868 342 902 et
355 864 522 909 cavebo,
537 877 589 902 ne
604 877 697 902 mea
711 864 954 904 credulitate
967 864 1214 916 reipublicae
1229 877 1387 903 summa
1444 852 1448 901 ἶ

156 944 177 976 2
195 938 371 977 fallatur.
426 940 528 978 Cum
548 940 700 978 Isaram
718 940 883 987 flumen,
900 954 982 980 uno
998 941 1065 979 die
1081 945 1209 991 ponte
1227 939 1386 986 effecto,

197 1019 420 1055 exercitum
449 1017 733 1064 traduxissem,
754 1031 828 1069 pro
855 1018 1137 1069 magnitudine
1164 1019 1224 1056 rei
1247 1016 1387 1056 celeri-
1433 1014 1439 1034 ⁵

194 1097 327 1132 tatem
356 1093 567 1139 adhibens,
590 1094 700 1145 quod
727 1096 906 1145 petierat
932 1107 1008 1146 per
1033 1094 1191 1133 litteras
1213 1095 1315 1144 ipse,
1338 1098 1386 1131 ut

195 1172 443 1206 maturarem
464 1172 616 1215 venire,
635 1175 799 1220 praesto
819 1169 918 1208 mihi
938 1169 1017 1209 fuit
1036 1175 1167 1209 stator
1187 1172 1273 1208 eius
1293 1182 1386 1207 cum

195 1244 356 1290 litteris,
381 1246 542 1296 quibus,
566 1259 619 1284 ne
643 1249 838 1292 venirem,
862 1247 1161 1292 denuntiabat3
1199 1259 1244 1284 se
1267 1259 1386 1297 posse

195 1333 270 1371 per
295 1334 340 1359 se
367 1321 564 1359 conficere
591 1325 830 1373 negotium3
872 1324 1030 1361 interea
1057 1323 1109 1361 ad
1137 1321 1290 1360 Isaram
1318 1335 1387 1360 ex·
1430 1311 1431 1314 Ἰ

196 1403 437 1447 spectarem.
492 1397 684 1436 Indicabo
716 1401 979 1437 temerarium
1009 1411 1146 1436 meum
1178 1398 1386 1437 consilium

197 1474 301 1518 tibi;
356 1473 613 1512 nihilominus
653 1477 712 1512 ire
752 1474 974 1520 decreram,
1016 1477 1251 1513 existimans
1292 1487 1386 1513 eum

197 1551 348 1588 socium
377 1549 530 1601 gloriae
559 1552 701 1589 vitare.
756 1550 957 1589 Putabam
985 1563 1104 1601 posse
1132 1562 1200 1588 me
1228 1562 1304 1588 nec
1331 1549 1385 1588 de

197 1625 318 1663 laude
341 1627 466 1663 ieiuni
490 1625 663 1664 hominis
688 1626 868 1664 delibare
893 1626 1128 1677 quidquam,
1153 1630 1198 1664 et
1221 1626 1384 1664 subesse

198 1706 338 1740 tamen
366 1703 600 1752 propinquis
628 1701 738 1747 locis,
767 1708 828 1747 ut,
857 1704 890 1740 si
919 1702 1055 1740 durius
1085 1701 1235 1752 aliquid
1264 1706 1384 1746 esset,

158 1782 179 1815 3
197 1790 429 1816 succurrere
454 1778 642 1816 celeriter
664 1791 838 1829 possem.
891 1778 980 1829 Ego
1005 1791 1087 1816 non
1111 1777 1240 1816 malus
1266 1777 1386 1815 homo

198 1852 274 1892 hoc
291 1854 536 1904 suspicabar.
588 1854 648 1892 At
666 1853 913 1899 Laterensis,
931 1855 991 1891 vir
1008 1855 1295 1899 sanctissimus,
1313 1866 1385 1892 suo

200 2011 274 2046 358
