1448 2236
156 479 171 512 1

693 47 894 87 CICERO

769 185 806 224 V

616 293 756 319 CICERO
783 294 960 321 VARRONI

607 384 754 423 Romae,
771 396 877 419 A.u.c.
895 388 972 420 708.

246 476 350 514 Mihi
374 490 470 516 vero
497 478 550 516 ad
575 478 711 517 Nonas
736 480 843 518 bene
868 486 1073 519 maturum
1097 481 1258 520 videtur
1282 479 1383 526 fore,

193 546 326 584 neque
350 534 478 573 solum
501 541 668 586 propter
690 537 949 587 reipublicae,
972 538 1046 576 sed
1070 540 1194 576 etiam
1215 542 1383 589 propter

193 593 288 628 anni
301 596 477 642 tempus.
531 592 667 641 Quare
680 596 803 632 istum
816 594 925 633 diem
937 595 1063 645 probo
1081 608 1091 641 ;
1118 598 1258 647 itaque
1272 608 1383 633 eum-

154 652 174 684 2
193 647 287 686 dem
311 651 398 699 ipse
423 663 581 700 sequar.
636 650 784 689 Consili
808 654 948 698 nostri,
972 665 1025 690 ne
1049 654 1082 690 si
1108 665 1176 690 eos
1201 651 1380 703 quidem,

193 707 262 756 qui
284 706 327 744 id
349 709 477 745 secuti
500 721 582 746 non
604 714 713 754 sunt,
736 722 817 747 non
838 711 1084 759 poeniteret,
1107 709 1223 747 nobis
1243 710 1378 760 poeni-

191 763 363 801 tendum
379 770 581 814 putarem.
634 765 772 804 Secuti
790 768 897 804 enim
913 779 1050 804 sumus
1066 780 1147 805 non
1163 779 1292 817 spem,
1308 765 1378 803 sed

191 819 363 858 officium
381 834 391 867 ;
418 822 652 872 reliquimus
665 828 805 861 autem
817 837 899 861 non
910 822 1095 869 officium,
1108 823 1182 862 sed
1193 822 1381 873 despera-

192 879 358 916 tionem.
424 878 490 917 Ita
525 879 833 918 verecundiores
867 879 1031 926 fuimus,
1066 893 1189 932 quam
1225 881 1295 930 qui
1335 892 1379 917 se

192 934 312 974 domo
329 950 410 974 non
427 942 732 975 commoverunt
749 949 760 982 ;
792 939 983 983 saniores,
998 950 1121 988 quam
1139 939 1207 988 qui
1226 937 1378 974 amissis

192 993 334 1042 opibus
368 993 534 1031 domum
567 1007 648 1032 non
681 999 950 1032 reverterunt.
1003 993 1085 1032 Sed
1118 992 1216 1031 nihil
1246 994 1378 1030 minus

191 1046 292 1094 fero,
314 1062 437 1100 quam
459 1052 720 1089 severitatem
742 1053 974 1096 otiosorum,
997 1056 1054 1096 et,
1076 1063 1238 1102 quoquo
1258 1047 1377 1087 modo

191 1117 235 1142 se
257 1119 321 1144 res
343 1106 484 1151 habet,
506 1109 634 1158 magis
657 1107 743 1146 illos
765 1121 920 1153 vereor,
942 1109 1011 1158 qui
1033 1109 1075 1145 in
1096 1106 1203 1145 bello
1225 1105 1378 1144 occide-

190 1167 300 1208 runt,
326 1176 449 1214 quam
475 1163 546 1202 hos
573 1177 681 1210 curo,
708 1165 853 1215 quibus
879 1178 960 1203 non
985 1163 1265 1209 satisfacimus,
1284 1165 1378 1214 quia

153 1224 173 1256 3
190 1222 371 1258 vivimus.
427 1220 531 1257 Mihi
549 1223 581 1258 si
599 1223 776 1271 spatium
793 1220 918 1259 fuerit
934 1223 977 1259 in
993 1220 1263 1259 Tusculanum
1281 1225 1377 1258 ante

191 1276 328 1315 Nonas
342 1278 545 1323 veniendi,
560 1280 649 1316 istic
664 1284 708 1316 te
722 1278 868 1316 videbo
886 1291 896 1324 ;
925 1281 986 1316 sin
999 1281 1145 1324 minus,
1158 1290 1377 1329 persequar

191 1336 233 1371 in
254 1334 481 1373 Cumanum
503 1341 547 1373 et
567 1341 664 1373 ante
684 1341 728 1374 te
748 1337 963 1373 certiorem
982 1334 1142 1381 faciam,
1162 1340 1210 1373 ut
1229 1334 1377 1372 lavatio

189 1397 334 1442 parata
352 1394 418 1431 sit.

240 1513 255 1528 ⁰
277 1509 363 1542 This
398 1509 499 1552 letter
536 1520 608 1543 was
636 1511 773 1543 written
810 1509 946 1551 shortly
974 1509 1065 1543 after
1093 1509 1162 1552 ΕΡ.
1189 1510 1210 1542 7
1239 1510 1276 1542 in
1305 1509 1375 1542 this

192 1551 346 1628 bosskfior
361 1606 426 1628 our
442 1596 598 1637 meeting
614 1596 698 1629 with
714 1595 856 1629 Caesar.

240 1642 253 1658 θ
276 1639 346 1677 i.e.‚
357 1639 394 1671 in
404 1638 481 1672 first
491 1638 632 1681 joining
648 1639 819 1681 Pompey,
831 1638 903 1671 and
919 1638 1004 1672 then
1021 1637 1267 1680 withdrawing
1281 1637 1373 1671 from

193 1681 254 1744 the
269 1692 366 1758 gagg
382 1724 422 1758 of
434 1735 558 1758 course
573 1724 658 1766 they
674 1724 757 1757 do.”

198 1990 274 2035 196
