1448 2236
692 56 893 96 CICERO

197 158 255 196 At
268 158 387 197 hodie
396 158 506 210 penis
519 165 583 199 est
594 162 636 198 in
649 161 845 200 obscenis.
898 161 958 200 At
969 175 1064 202 vero
1078 161 1168 202 Piso
1181 163 1249 202 ille
1262 163 1385 215 Frugi

195 214 238 250 in
251 211 463 251 Annalibus
477 216 557 252 suis
573 217 756 265 queritur
770 214 1018 254 adulescentes
1031 216 1122 268 peni
1133 217 1276 256 deditae
1293 230 1384 256 esse.

197 266 317 313 Quod
337 273 384 305 tu
404 269 446 305 in
468 268 639 318 epistola
659 269 839 319 appellas
859 283 932 308 suo
951 273 1128 317 nomine,
1148 271 1216 309 ille
1235 274 1384 310 tectius

190 333 335 371 penem.
388 321 470 360 Sed
494 324 590 373 quia
613 323 746 368 multi,
770 322 926 362 factum
952 329 1016 363 est
1039 330 1127 363 tam
1151 326 1384 371 obscenum,

196 387 319 424 quam
338 375 380 413 id
399 376 580 422 verbum,
601 389 681 427 quo
700 382 748 415 tu
767 390 861 416 usus
883 391 938 416 es.
992 377 1115 426 Quid,
1135 379 1244 430 quod
1262 379 1383 430 vulgo

195 428 354 474 dicitur,
376 443 458 467 cum
478 443 546 468 nos
567 435 601 468 te
620 430 802 470 voluimus
822 431 1025 478 convenire,
1046 445 1144 470 num
1165 433 1384 471 obscenum

197 482 292 520 est?
346 482 519 521 Memini
552 486 594 522 in
629 490 775 523 senatu
809 485 1006 524 disertum
1040 486 1290 524 consularem
1324 489 1384 524 ita

195 535 328 587 eloqui
346 549 356 582 ;
383 537 497 576 Hanc
511 538 657 589 culpam
670 538 858 585 maiorem,
872 539 1039 578 anillam
1051 539 1172 579 dicam
1185 541 1206 579 2
1244 540 1384 579 Potuit
1439 551 1446 556 ·

194 590 404 630 obscenius
422 591 438 630 ?
491 591 595 638 Non,
610 594 755 644 inquis.
808 592 901 632 Non
916 596 1024 632 enim
1038 596 1097 632 ita
1111 596 1250 633 sensit.
1291 594 1383 633 Non

196 657 292 695 ergo
321 646 364 683 in
393 645 517 684 verbo
548 651 623 684 est.
678 646 809 685 Docui
840 653 979 686 autem
1008 650 1051 686 in
1079 661 1125 686 re
1154 661 1235 687 non
1266 660 1381 693 esse3
1444 667 1448 689 .-

154 702 176 735 3
195 711 393 749 nusquam
436 701 561 750 igitur
605 705 680 738 est.
733 699 878 739 Liberis
920 701 1012 740 dare
1054 714 1217 754 operam,
1260 715 1383 753 quam
1443 714 1448 715 ⁷

194 750 366 791 honeste
393 753 567 792 dicitur!
620 754 758 792 Etiam
782 761 921 806 patres
946 761 1094 807 rogant
1119 755 1232 794 filios.
1285 756 1382 794 Eius

193 819 342 856 operae
362 820 511 845 nomen
531 821 613 846 non
633 809 787 847 audent
807 809 956 847 dicere.
1008 808 1216 848 Socratem
1236 809 1382 848 fidibus

193 859 331 899 docuit
350 861 619 900 nobilissimus
640 861 798 900 fidicen.
853 862 892 900 Is
917 862 1066 902 Connus
1085 866 1284 902 vocitatus
1306 869 1381 902 est.
1443 902 1448 915 Ι

194 913 303 952 Num
320 914 362 952 id
380 915 599 953 obscenum
615 921 737 966 putas
754 917 770 954 ?
823 916 927 954 Cum
943 916 1145 968 loquimur
1162 916 1268 963 terni,
1284 916 1383 955 nihil
1441 947 1448 978 ἐ

193 966 322 1018 flagiti
346 969 528 1016 dicimus,
552 975 596 1008 at
618 983 711 1008 cum
735 969 824 1016 bini,
849 971 1067 1009 obscenum
1091 976 1167 1010 est.
1217 970 1381 1009 Graecis
1422 977 1448 1012 ,ἶ·

196 1022 375 1072 quidem,
399 1025 570 1074 inquies.
623 1023 732 1061 Nihil
758 1029 821 1062 est
846 1037 942 1075 ergo
966 1027 1008 1062 in
1032 1025 1183 1071 verbo;
1221 1024 1382 1076 quando
1442 1014 1448 1063 ῗ

196 1081 240 1113 et
257 1089 334 1127 ego
351 1076 508 1116 Graece
524 1079 619 1123 scio,
637 1082 680 1116 et
696 1083 837 1116 tamen
852 1079 928 1117 tibi
944 1078 1047 1125 dico,
1064 1077 1141 1116 bini
1156 1091 1167 1124 ;
1195 1078 1320 1130 idque
1335 1083 1383 1116 tu
1437 1064 1448 1149 Ξ

194 1128 307 1176 facis,
332 1133 446 1181 quasi
473 1144 549 1182 ego
574 1130 745 1177 Graece,
769 1145 850 1170 non
875 1131 1023 1170 Latine
1046 1132 1231 1170 dixerim.
1281 1131 1384 1170 Ruta
1442 1154 1448 1175 ,-

197 1189 240 1222 et
269 1190 404 1230 menta,
433 1191 545 1223 recte
574 1191 807 1236 utrumque.
859 1185 960 1224 Volo
988 1191 1172 1225 mentam
1197 1185 1383 1237 pusillam
1439 1179 1448 1212 ¹

194 1238 253 1275 ita
271 1238 490 1289 appellare,
508 1244 555 1277 ut
571 1239 733 1277 rutulam
751 1252 760 1276 ε
792 1253 872 1277 non
890 1239 999 1278 licet.
1042 1238 1154 1279 Bella
1170 1239 1355 1278 tectoriola
1371 1251 1383 1286 3

195 1291 259 1329 dic
292 1305 388 1343 ergo
421 1294 545 1330 etiam
574 1295 810 1343 pavimenta
839 1295 917 1332 isto
947 1293 1096 1332 modo:
1139 1307 1221 1332 non
1249 1298 1381 1344 pot-es.

195 1344 341 1384 Viden’
363 1348 488 1398 igitur
509 1346 606 1384 nihil
630 1359 732 1392 esse,
754 1349 829 1385 nisi
850 1349 1024 1398 ineptias
1042 1359 1053 1393 ;
1088 1347 1382 1398 turpitudinem

195 1412 271 1437 nec
296 1402 337 1438 in
362 1401 485 1438 verbo
511 1414 599 1439 esse
623 1414 699 1439 nec
723 1403 765 1438 in
789 1414 847 1446 re,
872 1403 1011 1452 itaque
1035 1414 1234 1452 nusquam
1259 1401 1380 1439 esse?

154 1458 176 1489 4
197 1452 328 1503 Igitur
361 1456 402 1492 in
436 1455 568 1492 verbis
602 1454 782 1493 honestis
817 1455 991 1493 obscena
1022 1457 1221 1506 ponimus.
1274 1453 1383 1501 Quid

1440 1726 1448 1765 l

242 1560 258 1576 ⁰
281 1556 436 1591 Tribune
452 1557 493 1591 of
505 1558 566 1591 the
581 1558 681 1600 plebs
698 1559 734 1591 in
754 1561 816 1591 149
835 1569 899 1591 mc.

243 1598 257 1619 ⁶
281 1601 348 1639 i.e.‚
364 1601 530 1633 mentula.

242 1647 255 1664 ⁶
281 1643 370 1676 Cum
385 1654 447 1676 nos
464 1646 558 1676 must
575 1643 664 1676 have
680 1643 769 1677 been
785 1643 1014 1686 pronounced
1034 1643 1201 1677 Ounmos.
1442 1674 1448 1689 ¹

195 1729 204 1737 .
237 1686 253 1705 ‘¹
276 1686 384 1737 Illaru
397 1687 523 1725 dicam,
537 1686 713 1738 probably
725 1686 954 1729 pronounced
967 1687 1201 1726 illan-dicam,
1216 1688 1378 1729 suggest·
1441 1692 1448 1718 ε

194 1739 258 1792 mg
265 1729 649 1824 ῗέινίξιιῖἒῖὴὶὶὲτὲζὲἰι,
676 1771 752 1805 bim’
760 1774 866 1805 :two
896 1771 995 1810 each,
1026 1771 1091 1805 but
1117 1771 1192 1805 bim'
1217 1774 1378 1814 suggests
1442 1790 1448 1821 ξ

193 1817 391 1891 βινΐειῖἶΡιιιε
412 1857 484 1891 and
504 1857 631 1891 mint.”
677 1857 752 1891 The
767 1856 977 1891 diminutive
999 1857 1040 1891 of
1057 1860 1174 1891 menta
1195 1856 1312 1890 would
1335 1855 1380 1888 be

192 1901 360 1939 mentula,
377 1901 437 1934 the
454 1901 550 1934 word
569 1901 698 1934 Paetus
715 1900 786 1933 had
803 1900 902 1933 used.

239 1947 254 1966 ⁰
279 1943 299 1958 ‘⁶
317 1943 438 1986 Pretty
454 1943 691 1987 wall-plaster,
708 1954 748 1977 or
764 1942 922 1977 stucco.'’

193 1993 270 2033 268
