1448 2236
699 65 900 104 CICERO

201 171 332 207 minus
376 169 428 208 de
470 169 634 221 reliquis
676 170 797 208 rebus
839 170 1104 209 laborandum
1148 172 1387 210 existimavi.

201 223 238 261 N
241 237 318 261 unc
332 236 442 270 vero,
457 236 550 262 cum
565 226 640 261 sim
655 237 748 262 cum
762 225 958 262 tironibus
975 220 1256 276 egentissimis,
1270 224 1387 263 valde

200 283 244 316 et
278 290 414 315 meam
451 283 494 316 et
529 283 706 316 vestram
740 280 871 316 vicem
905 281 1074 316 timeam
1109 291 1274 317 necesse
1311 284 1386 317 est.

160 335 181 367 2
200 331 372 369 Vicetini
390 344 457 369 me
478 337 521 369 et
541 331 602 370 M.
616 331 788 370 Brutum
806 334 1022 383 praecipue
1037 333 1266 371 observant.
1313 332 1386 370 His

199 398 251 423 ne
278 398 402 436 quam
427 387 586 436 patiare
612 388 798 424 iniuriam
823 386 909 424 fieri
935 388 979 424 in
1001 391 1147 424 senatu
1173 399 1386 424 vernarum

197 452 332 484 causa,
352 452 377 476 a
397 444 441 477 te
459 445 572 489 peto.
619 438 792 477 Causam
811 439 967 478 habent
986 442 1195 490 optimam,
1215 439 1386 478 officium

198 495 240 530 in
267 492 556 543 rempublicam
584 506 799 539 summum,
817 507 945 545 genus
973 493 1180 532 hominum
1202 493 1385 532 adversa-

198 549 348 584 riorum
384 547 620 585 seditiosum
657 553 701 586 et
737 550 1037 587 inertissimum.
1104 560 1181 586 xu.
1212 547 1386 586 Kalend.

200 601 290 639 Iun.
309 600 513 640 Vercellis.

349 842 390 867 D.
417 842 568 867 BRUTUS
597 842 684 868 IMP.
711 842 791 868 COS.
819 842 904 868 Das.
931 842 964 868 S.
991 843 1031 868 D.
1059 841 1105 868 M.
1131 841 1170 868 T.
1196 841 1233 869 C.

551 940 760 983 Eporediae,
776 951 882 974 A.u.c.
903 943 977 974 117.

159 1032 176 1063 1
247 1026 367 1074 Quod
382 1039 455 1076 pro
472 1038 539 1063 me
557 1039 638 1064 non
655 1025 772 1071 facio,
790 1026 832 1064 id
848 1039 921 1076 pro
938 1031 983 1063 te
999 1024 1135 1063 facere
1152 1038 1266 1063 meus
1283 1027 1326 1062 in
1341 1030 1385 1063 te

196 1093 309 1118 amor
328 1086 482 1131 tuaque
502 1079 630 1117 officia
648 1085 814 1131 cogunt,
833 1085 880 1117 ut
899 1082 1080 1117 timeam.
1126 1079 1258 1129 Saepe
1278 1081 1384 1116 enim

196 1134 294 1171 mihi
324 1147 414 1171 cum
446 1138 554 1171 esset
583 1133 750 1179 dictum,
779 1146 913 1184 neque
942 1146 967 1170 a
994 1146 1062 1171 me
1091 1138 1384 1182 contemptum,

196 1190 409 1225 novissime
452 1187 591 1225 Labeo
633 1186 830 1238 Segulius,
873 1187 992 1225 homo
1033 1187 1109 1224 sibi
1149 1186 1384 1231 simillimus,

196 1244 373 1278 narravit
405 1241 503 1278 mihi
530 1241 641 1291 apud
668 1240 883 1278 Caesarem
911 1254 954 1278 se
980 1240 1104 1278 fuisse
1130 1239 1384 1290 multumque

196 1308 423 1333 sermonem
439 1295 490 1333 de
506 1299 550 1332 te
565 1294 750 1332 habitum
767 1307 853 1332 esse
872 1307 881 1339 ;
910 1297 1042 1345 ipsum
1058 1293 1273 1332 Caesarem
1287 1292 1384 1330 nihil

196 1362 293 1387 sane
326 1349 378 1387 de
411 1354 454 1386 te
488 1353 691 1400 questum,
718 1350 792 1386 nisi
825 1348 978 1386 dictum
1005 1348 1114 1399 quod
1146 1347 1314 1392 diceret,
1339 1352 1383 1384 te

195 1403 357 1448 dixisse,
377 1402 625 1440 laudandum
647 1402 964 1447 adulescentem,
984 1401 1220 1446 ornandum,
1241 1400 1383 1438 tollen-

195 1456 292 1494 dum
311 1469 320 1501 ;
353 1469 396 1494 se
414 1469 495 1494 non
514 1469 601 1494 esse
620 1458 936 1501 commissurum,
953 1461 1001 1493 ut
1018 1454 1103 1493 tolli
1120 1457 1260 1505 possit.
1295 1453 1382 1492 Hoc

196 1523 272 1561 ego
285 1509 520 1547 Labeonem
532 1509 652 1547 credo
663 1509 719 1547 illi
730 1509 936 1548 rettulisse
950 1514 1023 1547 aut
1037 1509 1199 1546 finxisse
1215 1508 1381 1553 dictum,

244 1608 260 1625 ⁶
285 1604 508 1637 Inhabitants
538 1605 579 1636 of
608 1603 781 1642 Vicentia‚
813 1614 893 1636 now
921 1602 1087 1637 Vicenza.
1152 1602 1206 1635 M.
1235 1601 1306 1635 and
1335 1601 1380 1634 D.

199 1646 330 1680 Brutus
346 1658 436 1680 were
451 1646 626 1689 probably
640 1646 731 1678 their
742 1647 899 1688 patroni.

243 1691 256 1711 ⁶
282 1690 460 1732 Probably
472 1689 665 1728 freedrnen,
681 1689 760 1722 who
781 1688 931 1722 claimed
955 1689 1047 1722 their
1069 1688 1181 1731 rights
1205 1698 1244 1721 as
1268 1687 1375 1725 such;

197 1733 263 1767 but
279 1733 409 1767 Brutus
425 1733 556 1775 hastily
568 1735 677 1766 terms
692 1732 789 1765 them
806 1732 827 1746 “
842 1732 932 1764 born
947 1731 1097 1765 slaves.’'

244 1781 257 1797 ⁰
281 1777 314 1809 A
328 1780 423 1810 town
439 1778 475 1809 in
491 1775 667 1816 Cisalpine
682 1774 787 1814 Gaul,
803 1786 850 1808 on
872 1775 933 1808 the
948 1775 1071 1814 Duria,
1088 1776 1124 1808 in
1139 1774 1199 1808 the
1217 1774 1380 1815 territory

196 1820 239 1854 of
250 1819 309 1852 the
325 1819 468 1858 Salassi,
485 1830 565 1852 now
581 1818 692 1851 Ivrea.

244 1862 259 1882 ‘³
281 1862 393 1895 There
410 1864 437 1895 is
453 1873 475 1895 a
486 1862 572 1904 play
586 1873 632 1894 on
647 1861 706 1894 the
720 1864 791 1894 two
806 1862 990 1902 meanings
1006 1861 1047 1894 of
1058 1860 1187 1899 tollere,
1204 1862 1275 1892 “to
1290 1860 1379 1892 raise

195 1905 284 1938 aloft
295 1906 317 1919 ”
332 1905 405 1939 and
422 1909 443 1923 ‘⁶
453 1908 490 1938 to
506 1905 553 1938 do
568 1916 670 1947 away
685 1903 780 1942 with,
798 1915 938 1937 remove
953 1904 1003 1946 by
1017 1903 1160 1937 death.”
1206 1902 1224 1935 I
1241 1902 1331 1935 have
1342 1905 1379 1935 to

194 1948 309 1981 thank
332 1949 394 1982 Dr.
419 1948 516 1990 Page
538 1948 594 1981 for
616 1946 941 1986 “immortalized‚”
964 1946 1080 1980 which
1101 1948 1131 1980 is
1156 1946 1270 1979 better
1290 1945 1377 1978 than
1427 1977 1429 1979 ,

193 2003 270 2041 478

1436 1597 1439 1599 ’
1439 1494 1448 1555 :un—¹...
1440 1432 1448 1485 uun*
1444 1406 1448 1421 ..
1446 1393 1448 1397 r
1446 1356 1448 1359 .
1446 1335 1448 1338 .
