<?xml version="1.0" encoding="UTF-8"?>
<!DOCTYPE html PUBLIC "-//W3C//DTD XHTML 1.0 Transitional//EN"
    "http://www.w3.org/TR/xhtml1/DTD/xhtml1-transitional.dtd">
<html xmlns="http://www.w3.org/1999/xhtml" xml:lang="en" lang="en">
 <head>
  <title>
</title>
<meta http-equiv="Content-Type" content="text/html;charset=utf-8" />
  <meta name='ocr-system' content='tesseract 3.04.00' />
  <meta name='ocr-capabilities' content='ocr_page ocr_carea ocr_par ocr_line ocrx_word'/>
</head>
<body>
  <div class='ocr_page' id='page_1' title='image "./letterstohisfrie02ciceuoft_0068.png"; bbox 0 0 1430 2242; ppageno 0'>
   <div class='ocr_carea' id='block_1_1' title="bbox 660 56 860 97">
    <p class='ocr_par' dir='ltr' id='par_1_1' title="bbox 660 56 860 97">
     <span class='ocr_line' id='line_1_1' title="bbox 660 56 860 97; baseline 0.01 -2"><span class='ocrx_word' id='word_1_1' title='bbox 660 56 860 97; x_wconf 90' lang='lat' dir='ltr'>CICERO</span> 
     </span>
    </p>
   </div>
   <div class='ocr_carea' id='block_1_2' title="bbox 166 156 1353 414">
    <p class='ocr_par' dir='ltr' id='par_1_2' title="bbox 166 156 1353 414">
     <span class='ocr_line' id='line_1_2' title="bbox 169 156 1352 214; baseline 0.008 -20"><span class='ocrx_word' id='word_1_2' title='bbox 169 156 247 195; x_wconf 83' lang='lat' dir='ltr'>fit?</span> <span class='ocrx_word' id='word_1_3' title='bbox 302 158 429 197; x_wconf 92' lang='lat' dir='ltr'>Video</span> <span class='ocrx_word' id='word_1_4' title='bbox 456 162 564 198; x_wconf 89' lang='lat' dir='ltr'>enim</span> <span class='ocrx_word' id='word_1_5' title='bbox 591 166 635 199; x_wconf 92' lang='lat' dir='ltr'>te</span> <span class='ocrx_word' id='word_1_6' title='bbox 659 164 742 199; x_wconf 90' lang='lat' dir='ltr'>iam</span> <span class='ocrx_word' id='word_1_7' title='bbox 769 164 889 200; x_wconf 88' lang='lat' dir='ltr'>iocari</span> <span class='ocrx_word' id='word_1_8' title='bbox 915 176 990 214; x_wconf 90' lang='lat' dir='ltr'>per</span> <span class='ocrx_word' id='word_1_9' title='bbox 1016 163 1186 202; x_wconf 78' lang='lat' dir='ltr'><strong>litteras.</strong></span> <span class='ocrx_word' id='word_1_10' title='bbox 1239 164 1352 202; x_wconf 87' lang='lat' dir='ltr'>Haec</span> 
     </span>
     <span class='ocr_line' id='line_1_3' title="bbox 167 223 1353 276; baseline 0.008 -17"><span class='ocrx_word' id='word_1_11' title='bbox 167 224 282 273; x_wconf 88' lang='lat' dir='ltr'>signa</span> <span class='ocrx_word' id='word_1_12' title='bbox 310 223 476 261; x_wconf 83' lang='lat' dir='ltr'><strong>meliora</strong></span> <span class='ocrx_word' id='word_1_13' title='bbox 503 230 612 270; x_wconf 91' lang='lat' dir='ltr'>sunt,</span> <span class='ocrx_word' id='word_1_14' title='bbox 642 239 764 276; x_wconf 88' lang='lat' dir='ltr'>quam</span> <span class='ocrx_word' id='word_1_15' title='bbox 792 229 832 264; x_wconf 91' lang='lat' dir='ltr'>in</span> <span class='ocrx_word' id='word_1_16' title='bbox 862 241 954 266; x_wconf 90' lang='lat' dir='ltr'>meo</span> <span class='ocrx_word' id='word_1_17' title='bbox 982 228 1218 267; x_wconf 88' lang='lat' dir='ltr'>Tusculano.</span> <span class='ocrx_word' id='word_1_18' title='bbox 1272 228 1353 268; x_wconf 88' lang='lat' dir='ltr'>Sed</span> 
     </span>
     <span class='ocr_line' id='line_1_4' title="bbox 167 287 1351 342; baseline 0.007 -18"><span class='ocrx_word' id='word_1_19' title='bbox 167 287 265 337; x_wconf 92' lang='lat' dir='ltr'>quid</span> <span class='ocrx_word' id='word_1_20' title='bbox 289 290 355 333; x_wconf 87' lang='lat' dir='ltr'>sit,</span> <span class='ocrx_word' id='word_1_21' title='bbox 380 291 479 326; x_wconf 88' lang='lat' dir='ltr'>scire</span> <span class='ocrx_word' id='word_1_22' title='bbox 504 292 634 340; x_wconf 87' lang='lat' dir='ltr'>cupio.</span> <span class='ocrx_word' id='word_1_23' title='bbox 688 290 849 329; x_wconf 89' lang='lat' dir='ltr'>Consuli</span> <span class='ocrx_word' id='word_1_24' title='bbox 874 293 1038 342; x_wconf 88' lang='lat' dir='ltr'>quidem</span> <span class='ocrx_word' id='word_1_25' title='bbox 1062 298 1106 331; x_wconf 91' lang='lat' dir='ltr'>te</span> <span class='ocrx_word' id='word_1_26' title='bbox 1130 306 1156 331; x_wconf 89' lang='lat' dir='ltr'>a</span> <span class='ocrx_word' id='word_1_27' title='bbox 1180 292 1351 332; x_wconf 84' lang='lat' dir='ltr'>Caesare</span> 
     </span>
     <span class='ocr_line' id='line_1_5' title="bbox 166 352 1351 414; baseline 0.007 -26"><span class='ocrx_word' id='word_1_28' title='bbox 166 352 316 397; x_wconf 89' lang='lat' dir='ltr'>scribis,</span> <span class='ocrx_word' id='word_1_29' title='bbox 337 353 410 391; x_wconf 88' lang='lat' dir='ltr'>sed</span> <span class='ocrx_word' id='word_1_30' title='bbox 431 366 506 404; x_wconf 86' lang='lat' dir='ltr'>ego</span> <span class='ocrx_word' id='word_1_31' title='bbox 528 355 602 391; x_wconf 88' lang='lat' dir='ltr'>tibi</span> <span class='ocrx_word' id='word_1_32' title='bbox 622 355 674 392; x_wconf 90' lang='lat' dir='ltr'>ab</span> <span class='ocrx_word' id='word_1_33' title='bbox 695 355 760 393; x_wconf 93' lang='lat' dir='ltr'>illo</span> <span class='ocrx_word' id='word_1_34' title='bbox 782 356 933 394; x_wconf 86' lang='lat' dir='ltr'>consuli</span> <span class='ocrx_word' id='word_1_35' title='bbox 952 357 1126 395; x_wconf 88' lang='lat' dir='ltr'>mallem.</span> <span class='ocrx_word' id='word_1_36' title='bbox 1177 357 1300 414; x_wconf 26' lang='lat' dir='ltr'>&#39;Quod</span> <span class='ocrx_word' id='word_1_37' title='bbox 1318 359 1351 396; x_wconf 89' lang='lat' dir='ltr'>si</span> 
     </span>
    </p>
   </div>
   <div class='ocr_carea' id='block_1_3' title="bbox 166 416 1351 470">
    <p class='ocr_par' dir='ltr' id='par_1_3' title="bbox 166 416 1430 480">
     <span class='ocr_line' id='line_1_6' title="bbox 166 416 1351 470; baseline 0.006 -17"><span class='ocrx_word' id='word_1_38' title='bbox 166 421 239 454; x_wconf 88' lang='lat' dir='ltr'>aut</span> <span class='ocrx_word' id='word_1_39' title='bbox 263 416 310 455; x_wconf 91' lang='lat' dir='ltr'>fit</span> <span class='ocrx_word' id='word_1_40' title='bbox 334 423 407 455; x_wconf 84' lang='lat' dir='ltr'>aut</span> <span class='ocrx_word' id='word_1_41' title='bbox 431 417 613 456; x_wconf 90' lang='lat' dir='ltr'>futurum</span> <span class='ocrx_word' id='word_1_42' title='bbox 636 425 770 470; x_wconf 86' lang='lat' dir='ltr'>putas,</span> <span class='ocrx_word' id='word_1_43' title='bbox 795 420 930 470; x_wconf 87' lang='lat' dir='ltr'>perfer</span> <span class='ocrx_word' id='word_1_44' title='bbox 954 424 1074 459; x_wconf 87' lang='lat' dir='ltr'>istam</span> <span class='ocrx_word' id='word_1_45' title='bbox 1099 422 1283 460; x_wconf 85' lang='lat' dir='ltr'>militiam</span> <span class='ocrx_word' id='word_1_46' title='bbox 1307 428 1351 460; x_wconf 88' lang='lat' dir='ltr'>et</span> 
     </span>
    </p>
   </div>
   <div class='ocr_carea' id='block_1_4' title="bbox 124 484 1351 1566">
    <p class='ocr_par' dir='ltr' id='par_1_4' title="bbox 124 484 1351 1566">
     <span class='ocr_line' id='line_1_7' title="bbox 164 484 1351 536; baseline 0.007 -19"><span class='ocrx_word' id='word_1_47' title='bbox 164 493 358 530; x_wconf 89' lang='lat' dir='ltr'>permane</span> <span class='ocrx_word' id='word_1_48' title='bbox 376 494 386 526; x_wconf 92' lang='lat'>;</span> <span class='ocrx_word' id='word_1_49' title='bbox 420 495 495 533; x_wconf 87' lang='lat' dir='ltr'>ego</span> <span class='ocrx_word' id='word_1_50' title='bbox 515 486 621 521; x_wconf 81' lang='lat' dir='ltr'>enim</span> <span class='ocrx_word' id='word_1_51' title='bbox 639 484 883 522; x_wconf 88' lang='lat' dir='ltr'>desiderium</span> <span class='ocrx_word' id='word_1_52' title='bbox 900 487 961 523; x_wconf 84' lang='lat' dir='ltr'>tui</span> <span class='ocrx_word' id='word_1_53' title='bbox 978 499 1049 536; x_wconf 91' lang='lat' dir='ltr'>spe</span> <span class='ocrx_word' id='word_1_54' title='bbox 1067 491 1229 524; x_wconf 91' lang='lat' dir='ltr'>tuorum</span> <span class='ocrx_word' id='word_1_55' title='bbox 1246 500 1351 524; x_wconf 86' lang='lat' dir='ltr'>com-</span> 
     </span>
     <span class='ocr_line' id='line_1_8' title="bbox 165 545 1350 595; baseline 0.006 -13"><span class='ocrx_word' id='word_1_56' title='bbox 165 545 375 584; x_wconf 89' lang='lat' dir='ltr'>modorum</span> <span class='ocrx_word' id='word_1_57' title='bbox 397 547 657 593; x_wconf 81' lang='lat' dir='ltr'>consolabor3</span> <span class='ocrx_word' id='word_1_58' title='bbox 695 551 756 586; x_wconf 90' lang='lat' dir='ltr'>sin</span> <span class='ocrx_word' id='word_1_59' title='bbox 779 555 918 587; x_wconf 90' lang='lat' dir='ltr'>autem</span> <span class='ocrx_word' id='word_1_60' title='bbox 940 552 1020 588; x_wconf 86' lang='lat' dir='ltr'>ista</span> <span class='ocrx_word' id='word_1_61' title='bbox 1042 556 1137 588; x_wconf 88' lang='lat' dir='ltr'>sunt</span> <span class='ocrx_word' id='word_1_62' title='bbox 1158 553 1350 595; x_wconf 82' lang='lat' dir='ltr'>inaniora,</span> 
     </span>
     <span class='ocr_line' id='line_1_9' title="bbox 164 611 1350 666; baseline 0.006 -19"><span class='ocrx_word' id='word_1_63' title='bbox 164 612 299 660; x_wconf 84' lang='lat' dir='ltr'>recipe</span> <span class='ocrx_word' id='word_1_64' title='bbox 316 616 359 649; x_wconf 91' lang='lat' dir='ltr'>te</span> <span class='ocrx_word' id='word_1_65' title='bbox 376 611 429 649; x_wconf 92' lang='lat' dir='ltr'>ad</span> <span class='ocrx_word' id='word_1_66' title='bbox 445 625 530 650; x_wconf 89' lang='lat' dir='ltr'>nos.</span> <span class='ocrx_word' id='word_1_67' title='bbox 584 612 689 650; x_wconf 89' lang='lat' dir='ltr'>Nam</span> <span class='ocrx_word' id='word_1_68' title='bbox 705 619 778 651; x_wconf 86' lang='lat' dir='ltr'>aut</span> <span class='ocrx_word' id='word_1_69' title='bbox 796 617 873 652; x_wconf 91' lang='lat' dir='ltr'>erit</span> <span class='ocrx_word' id='word_1_70' title='bbox 889 613 952 652; x_wconf 85' lang='lat' dir='ltr'>hic</span> <span class='ocrx_word' id='word_1_71' title='bbox 970 614 1119 666; x_wconf 88' lang='lat' dir='ltr'>aliquid</span> <span class='ocrx_word' id='word_1_72' title='bbox 1137 614 1350 666; x_wconf 85' lang='lat' dir='ltr'>aliquando</span> 
     </span>
     <span class='ocr_line' id='line_1_10' title="bbox 164 673 1350 730; baseline 0.006 -19"><span class='ocrx_word' id='word_1_73' title='bbox 164 680 250 720; x_wconf 87' lang='lat' dir='ltr'>aut,</span> <span class='ocrx_word' id='word_1_74' title='bbox 271 677 304 712; x_wconf 86' lang='lat' dir='ltr'>si</span> <span class='ocrx_word' id='word_1_75' title='bbox 324 678 468 721; x_wconf 88' lang='lat' dir='ltr'>minus,</span> <span class='ocrx_word' id='word_1_76' title='bbox 490 690 571 714; x_wconf 89' lang='lat' dir='ltr'>una</span> <span class='ocrx_word' id='word_1_77' title='bbox 591 673 820 716; x_wconf 70' lang='lat' dir='ltr'>mehercule</span> <span class='ocrx_word' id='word_1_78' title='bbox 842 678 1050 717; x_wconf 87' lang='lat' dir='ltr'>collocutio</span> <span class='ocrx_word' id='word_1_79' title='bbox 1071 685 1208 718; x_wconf 89' lang='lat' dir='ltr'>nostra</span> <span class='ocrx_word' id='word_1_80' title='bbox 1227 679 1350 730; x_wconf 87' lang='lat' dir='ltr'>pluris</span> 
     </span>
     <span class='ocr_line' id='line_1_11' title="bbox 165 741 1349 794; baseline 0.005 -18"><span class='ocrx_word' id='word_1_81' title='bbox 165 741 255 785; x_wconf 88' lang='lat' dir='ltr'>erit,</span> <span class='ocrx_word' id='word_1_82' title='bbox 286 753 408 790; x_wconf 87' lang='lat' dir='ltr'>quam</span> <span class='ocrx_word' id='word_1_83' title='bbox 438 754 576 779; x_wconf 88' lang='lat' dir='ltr'>omnes</span> <span class='ocrx_word' id='word_1_84' title='bbox 607 741 922 781; x_wconf 82' lang='lat' dir='ltr'>Samarobrivae.</span> <span class='ocrx_word' id='word_1_85' title='bbox 976 744 1178 794; x_wconf 88' lang='lat' dir='ltr'>Denique,</span> <span class='ocrx_word' id='word_1_86' title='bbox 1208 747 1241 782; x_wconf 88' lang='lat' dir='ltr'>si</span> <span class='ocrx_word' id='word_1_87' title='bbox 1269 747 1349 783; x_wconf 89' lang='lat' dir='ltr'>cito</span> 
     </span>
     <span class='ocr_line' id='line_1_12' title="bbox 163 804 1350 853; baseline 0.005 -12"><span class='ocrx_word' id='word_1_88' title='bbox 163 808 207 841; x_wconf 91' lang='lat' dir='ltr'>te</span> <span class='ocrx_word' id='word_1_89' title='bbox 237 804 455 850; x_wconf 76' lang='lat' dir='ltr'>rettuleris,</span> <span class='ocrx_word' id='word_1_90' title='bbox 487 819 617 844; x_wconf 91' lang='lat' dir='ltr'>sermo</span> <span class='ocrx_word' id='word_1_91' title='bbox 648 806 778 845; x_wconf 90' lang='lat' dir='ltr'>nullus</span> <span class='ocrx_word' id='word_1_92' title='bbox 810 810 914 853; x_wconf 90' lang='lat' dir='ltr'>erit;</span> <span class='ocrx_word' id='word_1_93' title='bbox 958 810 992 846; x_wconf 91' lang='lat' dir='ltr'>si</span> <span class='ocrx_word' id='word_1_94' title='bbox 1021 808 1172 846; x_wconf 72' lang='lat' dir='ltr'>diutiffs</span> <span class='ocrx_word' id='word_1_95' title='bbox 1201 808 1350 847; x_wconf 88' lang='lat' dir='ltr'>frustra</span> 
     </span>
     <span class='ocr_line' id='line_1_13' title="bbox 163 867 1348 917; baseline 0.005 -12"><span class='ocrx_word' id='word_1_96' title='bbox 163 867 353 915; x_wconf 86' lang='lat' dir='ltr'>abfueris,</span> <span class='ocrx_word' id='word_1_97' title='bbox 384 883 465 908; x_wconf 93' lang='lat' dir='ltr'>non</span> <span class='ocrx_word' id='word_1_98' title='bbox 496 871 615 909; x_wconf 91' lang='lat' dir='ltr'>modo</span> <span class='ocrx_word' id='word_1_99' title='bbox 648 871 878 917; x_wconf 88' lang='lat' dir='ltr'>Laberium,</span> <span class='ocrx_word' id='word_1_100' title='bbox 910 873 983 910; x_wconf 90' lang='lat' dir='ltr'>sed</span> <span class='ocrx_word' id='word_1_101' title='bbox 1015 875 1139 910; x_wconf 87' lang='lat' dir='ltr'>etiam</span> <span class='ocrx_word' id='word_1_102' title='bbox 1170 873 1348 913; x_wconf 87' lang='lat' dir='ltr'>sodalem</span> 
     </span>
     <span class='ocr_line' id='line_1_14' title="bbox 162 933 1348 988; baseline 0.005 -18"><span class='ocrx_word' id='word_1_103' title='bbox 162 939 344 971; x_wconf 86' lang='lat' dir='ltr'>nostrum</span> <span class='ocrx_word' id='word_1_104' title='bbox 371 933 575 972; x_wconf 89' lang='lat' dir='ltr'>Valerium</span> <span class='ocrx_word' id='word_1_105' title='bbox 601 938 855 986; x_wconf 79' lang='lat' dir='ltr'>pertimesco.</span> <span class='ocrx_word' id='word_1_106' title='bbox 911 936 1017 974; x_wconf 86' lang='lat' dir='ltr'>Mira</span> <span class='ocrx_word' id='word_1_107' title='bbox 1045 939 1152 975; x_wconf 85' lang='lat' dir='ltr'>enim</span> <span class='ocrx_word' id='word_1_108' title='bbox 1177 950 1348 988; x_wconf 89' lang='lat' dir='ltr'>persona</span> 
     </span>
     <span class='ocr_line' id='line_1_15' title="bbox 124 998 1347 1053; baseline 0.005 -19"><span class='ocrx_word' id='word_1_109' title='bbox 124 1003 144 1034; x_wconf 90' lang='lat'><strong>3</strong></span> <span class='ocrx_word' id='word_1_110' title='bbox 162 998 295 1036; x_wconf 88' lang='lat' dir='ltr'>induci</span> <span class='ocrx_word' id='word_1_111' title='bbox 332 1004 470 1048; x_wconf 90' lang='lat' dir='ltr'>potest</span> <span class='ocrx_word' id='word_1_112' title='bbox 506 999 724 1038; x_wconf 79' lang='lat' dir='ltr'>Britannici</span> <span class='ocrx_word' id='word_1_113' title='bbox 761 1003 847 1038; x_wconf 92' lang='lat' dir='ltr'>iure</span> <span class='ocrx_word' id='word_1_114' title='bbox 885 1001 1067 1039; x_wconf 88' lang='lat' dir='ltr'>consulti.</span> <span class='ocrx_word' id='word_1_115' title='bbox 1121 1001 1234 1040; x_wconf 87' lang='lat' dir='ltr'>Haec</span> <span class='ocrx_word' id='word_1_116' title='bbox 1272 1015 1347 1053; x_wconf 89' lang='lat' dir='ltr'>ego</span> 
     </span>
     <span class='ocr_line' id='line_1_16' title="bbox 161 1063 1348 1115; baseline 0.004 -16"><span class='ocrx_word' id='word_1_117' title='bbox 161 1075 242 1100; x_wconf 89' lang='lat' dir='ltr'>non</span> <span class='ocrx_word' id='word_1_118' title='bbox 265 1063 390 1109; x_wconf 91' lang='lat' dir='ltr'>rideo,</span> <span class='ocrx_word' id='word_1_119' title='bbox 416 1067 596 1115; x_wconf 84' lang='lat' dir='ltr'>quamvis</span> <span class='ocrx_word' id='word_1_120' title='bbox 620 1070 667 1102; x_wconf 94' lang='lat' dir='ltr'>tu</span> <span class='ocrx_word' id='word_1_121' title='bbox 690 1065 835 1110; x_wconf 86' lang='lat' dir='ltr'>rideas,</span> <span class='ocrx_word' id='word_1_122' title='bbox 860 1065 933 1103; x_wconf 90' lang='lat' dir='ltr'>sed</span> <span class='ocrx_word' id='word_1_123' title='bbox 956 1066 1007 1103; x_wconf 88' lang='lat' dir='ltr'>de</span> <span class='ocrx_word' id='word_1_124' title='bbox 1029 1078 1075 1103; x_wconf 88' lang='lat' dir='ltr'>re</span> <span class='ocrx_word' id='word_1_125' title='bbox 1099 1069 1348 1104; x_wconf 89' lang='lat' dir='ltr'>severissima</span> 
     </span>
     <span class='ocr_line' id='line_1_17' title="bbox 162 1128 1347 1176; baseline 0.004 -12"><span class='ocrx_word' id='word_1_126' title='bbox 162 1132 312 1172; x_wconf 86' lang='lat' dir='ltr'>tecum,</span> <span class='ocrx_word' id='word_1_127' title='bbox 358 1134 405 1165; x_wconf 93' lang='lat' dir='ltr'>ut</span> <span class='ocrx_word' id='word_1_128' title='bbox 450 1128 571 1174; x_wconf 92' lang='lat' dir='ltr'>soleo,</span> <span class='ocrx_word' id='word_1_129' title='bbox 617 1132 736 1167; x_wconf 90' lang='lat' dir='ltr'>iocor.</span> <span class='ocrx_word' id='word_1_130' title='bbox 790 1129 962 1168; x_wconf 89' lang='lat' dir='ltr'>Remoto</span> <span class='ocrx_word' id='word_1_131' title='bbox 1007 1132 1107 1176; x_wconf 89' lang='lat' dir='ltr'>ioco,</span> <span class='ocrx_word' id='word_1_132' title='bbox 1153 1131 1227 1168; x_wconf 90' lang='lat' dir='ltr'>tibi</span> <span class='ocrx_word' id='word_1_133' title='bbox 1272 1131 1347 1170; x_wconf 91' lang='lat' dir='ltr'>hoc</span> 
     </span>
     <span class='ocr_line' id='line_1_18' title="bbox 161 1194 1347 1244; baseline 0.004 -16"><span class='ocrx_word' id='word_1_134' title='bbox 161 1194 398 1230; x_wconf 85' lang='lat' dir='ltr'>amicissimo</span> <span class='ocrx_word' id='word_1_135' title='bbox 431 1195 564 1231; x_wconf 88' lang='lat' dir='ltr'>animo</span> <span class='ocrx_word' id='word_1_136' title='bbox 595 1196 811 1244; x_wconf 90' lang='lat' dir='ltr'>praecipio,</span> <span class='ocrx_word' id='word_1_137' title='bbox 843 1199 903 1240; x_wconf 86' lang='lat' dir='ltr'>ut,</span> <span class='ocrx_word' id='word_1_138' title='bbox 935 1196 968 1232; x_wconf 92' lang='lat' dir='ltr'>si</span> <span class='ocrx_word' id='word_1_139' title='bbox 999 1197 1087 1232; x_wconf 89' lang='lat' dir='ltr'>istic</span> <span class='ocrx_word' id='word_1_140' title='bbox 1118 1207 1211 1232; x_wconf 89' lang='lat' dir='ltr'>mea</span> <span class='ocrx_word' id='word_1_141' title='bbox 1241 1209 1347 1233; x_wconf 86' lang='lat' dir='ltr'>com—</span> 
     </span>
     <span class='ocr_line' id='line_1_19' title="bbox 160 1257 1345 1310; baseline 0.003 -17"><span class='ocrx_word' id='word_1_142' title='bbox 160 1257 420 1294; x_wconf 88' lang='lat' dir='ltr'>mendatione</span> <span class='ocrx_word' id='word_1_143' title='bbox 463 1262 579 1295; x_wconf 90' lang='lat' dir='ltr'>tuam</span> <span class='ocrx_word' id='word_1_144' title='bbox 622 1258 866 1308; x_wconf 83' lang='lat' dir='ltr'>dignitatem</span> <span class='ocrx_word' id='word_1_145' title='bbox 909 1259 1123 1304; x_wconf 85' lang='lat' dir='ltr'>obtinebis,</span> <span class='ocrx_word' id='word_1_146' title='bbox 1167 1258 1345 1310; x_wconf 83' lang='lat' dir='ltr'>perferas</span> 
     </span>
     <span class='ocr_line' id='line_1_20' title="bbox 160 1321 1345 1367; baseline 0.003 -9"><span class='ocrx_word' id='word_1_147' title='bbox 160 1323 285 1358; x_wconf 89' lang='lat' dir='ltr'>nostri</span> <span class='ocrx_word' id='word_1_148' title='bbox 325 1321 581 1367; x_wconf 88' lang='lat' dir='ltr'>desiderium,</span> <span class='ocrx_word' id='word_1_149' title='bbox 621 1322 879 1360; x_wconf 85' lang='lat' dir='ltr'>honestatem</span> <span class='ocrx_word' id='word_1_150' title='bbox 919 1329 963 1360; x_wconf 90' lang='lat' dir='ltr'>et</span> <span class='ocrx_word' id='word_1_151' title='bbox 999 1322 1215 1361; x_wconf 88' lang='lat' dir='ltr'>facultates</span> <span class='ocrx_word' id='word_1_152' title='bbox 1255 1329 1345 1362; x_wconf 87' lang='lat' dir='ltr'>tuas</span> 
     </span>
     <span class='ocr_line' id='line_1_21' title="bbox 159 1386 1345 1438; baseline 0.003 -16"><span class='ocrx_word' id='word_1_153' title='bbox 159 1398 337 1436; x_wconf 82' lang='lat' dir='ltr'>augeas3</span> <span class='ocrx_word' id='word_1_154' title='bbox 385 1388 446 1423; x_wconf 88' lang='lat' dir='ltr'>sin</span> <span class='ocrx_word' id='word_1_155' title='bbox 479 1392 619 1424; x_wconf 86' lang='lat' dir='ltr'>autem</span> <span class='ocrx_word' id='word_1_156' title='bbox 651 1389 730 1424; x_wconf 85' lang='lat' dir='ltr'>ista</span> <span class='ocrx_word' id='word_1_157' title='bbox 761 1386 983 1438; x_wconf 85' lang='lat' dir='ltr'>frigebunt,</span> <span class='ocrx_word' id='word_1_158' title='bbox 1015 1390 1183 1438; x_wconf 87' lang='lat' dir='ltr'>recipias</span> <span class='ocrx_word' id='word_1_159' title='bbox 1217 1393 1260 1426; x_wconf 88' lang='lat' dir='ltr'>te</span> <span class='ocrx_word' id='word_1_160' title='bbox 1293 1388 1345 1427; x_wconf 89' lang='lat' dir='ltr'>ad</span> 
     </span>
     <span class='ocr_line' id='line_1_22' title="bbox 158 1450 1345 1502; baseline 0.003 -15"><span class='ocrx_word' id='word_1_161' title='bbox 158 1463 243 1487; x_wconf 89' lang='lat' dir='ltr'>nos.</span> <span class='ocrx_word' id='word_1_162' title='bbox 297 1450 445 1488; x_wconf 87' lang='lat' dir='ltr'>Omnia</span> <span class='ocrx_word' id='word_1_163' title='bbox 475 1456 628 1496; x_wconf 89' lang='lat' dir='ltr'>tamen,</span> <span class='ocrx_word' id='word_1_164' title='bbox 660 1464 765 1502; x_wconf 91' lang='lat' dir='ltr'>quae</span> <span class='ocrx_word' id='word_1_165' title='bbox 795 1454 867 1497; x_wconf 91' lang='lat' dir='ltr'>vis,</span> <span class='ocrx_word' id='word_1_166' title='bbox 899 1457 942 1489; x_wconf 91' lang='lat' dir='ltr'>et</span> <span class='ocrx_word' id='word_1_167' title='bbox 973 1457 1045 1489; x_wconf 87' lang='lat' dir='ltr'>tua</span> <span class='ocrx_word' id='word_1_168' title='bbox 1075 1455 1226 1490; x_wconf 83' lang='lat' dir='ltr'>virtute</span> <span class='ocrx_word' id='word_1_169' title='bbox 1255 1465 1345 1502; x_wconf 89' lang='lat' dir='ltr'>pro-</span> 
     </span>
     <span class='ocr_line' id='line_1_23' title="bbox 158 1513 1264 1566; baseline 0.003 -15"><span class='ocrx_word' id='word_1_170' title='bbox 158 1513 266 1552; x_wconf 88' lang='lat' dir='ltr'>fecto</span> <span class='ocrx_word' id='word_1_171' title='bbox 287 1519 329 1552; x_wconf 90' lang='lat' dir='ltr'>et</span> <span class='ocrx_word' id='word_1_172' title='bbox 346 1520 483 1552; x_wconf 89' lang='lat' dir='ltr'>nostro</span> <span class='ocrx_word' id='word_1_173' title='bbox 502 1528 658 1553; x_wconf 89' lang='lat' dir='ltr'>summo</span> <span class='ocrx_word' id='word_1_174' title='bbox 678 1528 774 1566; x_wconf 89' lang='lat' dir='ltr'>erga</span> <span class='ocrx_word' id='word_1_175' title='bbox 793 1521 836 1553; x_wconf 91' lang='lat' dir='ltr'>te</span> <span class='ocrx_word' id='word_1_176' title='bbox 855 1514 987 1554; x_wconf 85' lang='lat' dir='ltr'>studio</span> <span class='ocrx_word' id='word_1_177' title='bbox 1006 1529 1264 1566; x_wconf 91' lang='lat' dir='ltr'>consequere.</span> 
     </span>
    </p>
   </div>
   <div class='ocr_carea' id='block_1_5' title="bbox 157 1626 1344 1755">
    <p class='ocr_par' dir='ltr' id='par_1_5' title="bbox 157 1626 1344 1755">
     <span class='ocr_line' id='line_1_24' title="bbox 205 1626 1307 1670; baseline 0.002 -12.071"><span class='ocrx_word' id='word_1_178' title='bbox 205 1626 379 1658; x_wconf 68' lang='lat' dir='ltr'>‘There&#39;</span> <span class='ocrx_word' id='word_1_179' title='bbox 370 1636 398 1658; x_wconf 74' lang='lat' dir='ltr'>is</span> <span class='ocrx_word' id='word_1_180' title='bbox 413 1636 434 1658; x_wconf 86' lang='lat' dir='ltr'>a</span> <span class='ocrx_word' id='word_1_181' title='bbox 450 1626 535 1667; x_wconf 85' lang='lat' dir='ltr'>play</span> <span class='ocrx_word' id='word_1_182' title='bbox 550 1637 596 1658; x_wconf 92' lang='lat' dir='ltr'>on</span> <span class='ocrx_word' id='word_1_183' title='bbox 611 1627 671 1659; x_wconf 86' lang='lat' dir='ltr'>the</span> <span class='ocrx_word' id='word_1_184' title='bbox 688 1630 758 1659; x_wconf 87' lang='lat' dir='ltr'>two</span> <span class='ocrx_word' id='word_1_185' title='bbox 774 1628 958 1669; x_wconf 83' lang='lat' dir='ltr'>meanings</span> <span class='ocrx_word' id='word_1_186' title='bbox 973 1627 1014 1659; x_wconf 89' lang='lat' dir='ltr'>of</span> <span class='ocrx_word' id='word_1_187' title='bbox 1023 1627 1194 1669; x_wconf 51' lang='lat' dir='ltr'>siqua—2⁴</span> <span class='ocrx_word' id='word_1_188' title='bbox 1209 1629 1307 1670; x_wconf 82' lang='lat' dir='ltr'>signs</span> 
     </span>
     <span class='ocr_line' id='line_1_25' title="bbox 160 1668 1344 1712; baseline 0.002 -11"><span class='ocrx_word' id='word_1_189' title='bbox 160 1668 272 1701; x_wconf 89' lang='lat' dir='ltr'>and“</span> <span class='ocrx_word' id='word_1_190' title='bbox 288 1669 457 1707; x_wconf 86' lang='lat' dir='ltr'>statues”</span> <span class='ocrx_word' id='word_1_191' title='bbox 477 1669 566 1701; x_wconf 87' lang='lat' dir='ltr'>hard</span> <span class='ocrx_word' id='word_1_192' title='bbox 584 1672 621 1702; x_wconf 88' lang='lat' dir='ltr'>to</span> <span class='ocrx_word' id='word_1_193' title='bbox 640 1670 832 1711; x_wconf 88' lang='lat' dir='ltr'>reproduce</span> <span class='ocrx_word' id='word_1_194' title='bbox 851 1672 887 1703; x_wconf 89' lang='lat' dir='ltr'>in</span> <span class='ocrx_word' id='word_1_195' title='bbox 906 1670 1079 1712; x_wconf 85' lang='lat' dir='ltr'>English,</span> <span class='ocrx_word' id='word_1_196' title='bbox 1113 1670 1218 1703; x_wconf 85' lang='lat' dir='ltr'>“this</span> <span class='ocrx_word' id='word_1_197' title='bbox 1235 1671 1344 1704; x_wconf 73' lang='lat' dir='ltr'>shows</span> 
     </span>
     <span class='ocr_line' id='line_1_26' title="bbox 157 1712 1342 1755; baseline 0.002 -11"><span class='ocrx_word' id='word_1_198' title='bbox 157 1723 176 1744; x_wconf 82' lang='lat' dir='ltr'>a</span> <span class='ocrx_word' id='word_1_199' title='bbox 200 1712 312 1745; x_wconf 85' lang='lat' dir='ltr'>better</span> <span class='ocrx_word' id='word_1_200' title='bbox 333 1715 423 1745; x_wconf 80' lang='lat' dir='ltr'>state</span> <span class='ocrx_word' id='word_1_201' title='bbox 443 1712 483 1745; x_wconf 88' lang='lat' dir='ltr'>of</span> <span class='ocrx_word' id='word_1_202' title='bbox 501 1713 621 1754; x_wconf 85' lang='lat' dir='ltr'>things</span> <span class='ocrx_word' id='word_1_203' title='bbox 642 1713 729 1745; x_wconf 86' lang='lat' dir='ltr'>than</span> <span class='ocrx_word' id='word_1_204' title='bbox 750 1713 796 1746; x_wconf 94' lang='lat' dir='ltr'>do</span> <span class='ocrx_word' id='word_1_205' title='bbox 818 1713 877 1746; x_wconf 83' lang='lat' dir='ltr'>the</span> <span class='ocrx_word' id='word_1_206' title='bbox 897 1714 1005 1746; x_wconf 74' lang='lat' dir='ltr'>shows</span> <span class='ocrx_word' id='word_1_207' title='bbox 1025 1717 1063 1746; x_wconf 88' lang='lat' dir='ltr'>at</span> <span class='ocrx_word' id='word_1_208' title='bbox 1083 1724 1144 1755; x_wconf 88' lang='lat' dir='ltr'>my</span> <span class='ocrx_word' id='word_1_209' title='bbox 1165 1713 1342 1747; x_wconf 84' lang='lat' dir='ltr'>Tusculan</span> 
     </span>
    </p>
   </div>
   <div class='ocr_carea' id='block_1_6' title="bbox 158 1755 1340 1837">
    <p class='ocr_par' dir='ltr' id='par_1_6' title="bbox 158 1755 1340 1837">
     <span class='ocr_line' id='line_1_27' title="bbox 158 1755 1340 1837; baseline 0.001 -6"><span class='ocrx_word' id='word_1_210' title='bbox 158 1755 505 1837; x_wconf 50' lang='lat' dir='ltr'>Vil‘laSamarobriVQ</span> <span class='ocrx_word' id='word_1_211' title='bbox 526 1798 586 1831; x_wconf 84' lang='lat' dir='ltr'>the</span> <span class='ocrx_word' id='word_1_212' title='bbox 608 1798 754 1831; x_wconf 84' lang='lat' dir='ltr'>modern</span> <span class='ocrx_word' id='word_1_213' title='bbox 779 1799 936 1837; x_wconf 86' lang='lat' dir='ltr'>Amiens,</span> <span class='ocrx_word' id='word_1_214' title='bbox 957 1810 1029 1832; x_wconf 85' lang='lat' dir='ltr'>was</span> <span class='ocrx_word' id='word_1_215' title='bbox 1051 1799 1112 1832; x_wconf 81' lang='lat' dir='ltr'>the</span> <span class='ocrx_word' id='word_1_216' title='bbox 1130 1799 1227 1832; x_wconf 82' lang='lat' dir='ltr'>chief</span> <span class='ocrx_word' id='word_1_217' title='bbox 1245 1802 1340 1833; x_wconf 79' lang='lat' dir='ltr'>town</span> 
     </span>
    </p>
   </div>
   <div class='ocr_carea' id='block_1_7' title="bbox 157 1841 1208 1970">
    <p class='ocr_par' dir='ltr' id='par_1_7' title="bbox 157 1841 1208 1970">
     <span class='ocr_line' id='line_1_28' title="bbox 157 1841 507 1883; baseline 0 -9"><span class='ocrx_word' id='word_1_218' title='bbox 157 1841 198 1875; x_wconf 85' lang='lat' dir='ltr'>of</span> <span class='ocrx_word' id='word_1_219' title='bbox 214 1841 331 1874; x_wconf 89' lang='lat' dir='ltr'>Gallia</span> <span class='ocrx_word' id='word_1_220' title='bbox 352 1841 507 1883; x_wconf 84' lang='lat' dir='ltr'>Belgica.</span> 
     </span>
     <span class='ocr_line' id='line_1_29' title="bbox 204 1884 860 1926; baseline -0.002 -8"><span class='ocrx_word' id='word_1_221' title='bbox 204 1889 217 1906; x_wconf 79' lang='lat'>⁶</span> <span class='ocrx_word' id='word_1_222' title='bbox 241 1885 275 1918; x_wconf 88' lang='lat' dir='ltr'>A</span> <span class='ocrx_word' id='word_1_223' title='bbox 290 1884 397 1918; x_wconf 85' lang='lat' dir='ltr'>noted</span> <span class='ocrx_word' id='word_1_224' title='bbox 411 1886 527 1917; x_wconf 85' lang='lat' dir='ltr'>writer</span> <span class='ocrx_word' id='word_1_225' title='bbox 541 1884 581 1917; x_wconf 87' lang='lat' dir='ltr'>of</span> <span class='ocrx_word' id='word_1_226' title='bbox 591 1884 704 1918; x_wconf 83' lang='lat' dir='ltr'>farees</span> <span class='ocrx_word' id='word_1_227' title='bbox 718 1884 860 1926; x_wconf 82' lang='lat' dir='ltr'>(mimi).</span> 
     </span>
     <span class='ocr_line' id='line_1_30' title="bbox 201 1927 1208 1970; baseline 0.001 -10"><span class='ocrx_word' id='word_1_228' title='bbox 201 1928 217 1948; x_wconf 77' lang='lat'>⁰¹</span> <span class='ocrx_word' id='word_1_229' title='bbox 241 1928 262 1941; x_wconf 75' lang='lat'>‘⁶</span> <span class='ocrx_word' id='word_1_230' title='bbox 280 1927 315 1960; x_wconf 86' lang='lat' dir='ltr'>If</span> <span class='ocrx_word' id='word_1_231' title='bbox 329 1929 356 1960; x_wconf 87' lang='lat' dir='ltr'>it</span> <span class='ocrx_word' id='word_1_232' title='bbox 373 1931 472 1961; x_wconf 87' lang='lat' dir='ltr'>turns</span> <span class='ocrx_word' id='word_1_233' title='bbox 490 1931 552 1960; x_wconf 87' lang='lat' dir='ltr'>out</span> <span class='ocrx_word' id='word_1_234' title='bbox 568 1931 605 1960; x_wconf 87' lang='lat' dir='ltr'>to</span> <span class='ocrx_word' id='word_1_235' title='bbox 621 1927 667 1960; x_wconf 88' lang='lat' dir='ltr'>be</span> <span class='ocrx_word' id='word_1_236' title='bbox 683 1938 705 1960; x_wconf 83' lang='lat' dir='ltr'>a</span> <span class='ocrx_word' id='word_1_237' title='bbox 721 1927 846 1966; x_wconf 82' lang='lat' dir='ltr'>frost,&#39;&#39;</span> <span class='ocrx_word' id='word_1_238' title='bbox 863 1938 903 1961; x_wconf 87' lang='lat' dir='ltr'>as</span> <span class='ocrx_word' id='word_1_239' title='bbox 920 1939 972 1961; x_wconf 89' lang='lat' dir='ltr'>we</span> <span class='ocrx_word' id='word_1_240' title='bbox 989 1927 1116 1961; x_wconf 87' lang='lat' dir='ltr'>should</span> <span class='ocrx_word' id='word_1_241' title='bbox 1133 1938 1208 1970; x_wconf 81' lang='lat' dir='ltr'>say.</span> 
     </span>
    </p>
   </div>
   <div class='ocr_carea' id='block_1_8' title="bbox 160 1984 208 2017">
    <p class='ocr_par' dir='ltr' id='par_1_8' title="bbox 160 1984 208 2017">
     <span class='ocr_line' id='line_1_31' title="bbox 160 1984 208 2017; baseline 0 0"><span class='ocrx_word' id='word_1_242' title='bbox 160 1984 208 2017; x_wconf 82' lang='lat'>38</span> 
     </span>
    </p>
   </div>
  </div>
 </body>
</html>
