1448 2236
685 58 887 98 CICERO
936 35 939 36 ⁷

729 212 832 251 VIII

382 327 429 353 M.
456 329 595 354 CICERO
622 328 654 355 S.
682 329 722 355 D.
750 329 880 355 BRUTO
907 329 995 355 IMP.
1022 329 1102 355 COS.
1129 329 1215 356 DES.

598 419 746 458 Romae,
762 430 868 453 A.u.c.
886 422 964 453 711.

161 498 180 533 1
251 494 312 532 Eo
326 499 511 545 tempore
527 494 638 533 Polla
653 500 726 533 tua
739 497 861 541 misit,
874 501 920 533 ut
934 495 988 533 ad
998 500 1056 540 te,
1071 497 1104 533 si
1119 495 1217 546 quid
1230 494 1388 541 vellem,

200 547 340 585 darem
355 548 597 594 litterarum,
613 563 705 587 cum
721 549 819 600 quid
833 549 1063 594 scriberem,
1078 562 1160 587 non
1174 548 1389 586 habebam.

200 601 348 639 Omnia
371 605 479 640 enim
501 609 618 641 erant
639 616 833 654 suspensa
853 608 1020 653 propter
1042 605 1389 653 exspectationem

198 654 440 706 legatorum,
464 659 533 708 qui
561 656 659 708 quid
687 659 866 708 egissent
893 656 1090 695 nihildum
1111 656 1389 694 nuntiabatur.

199 708 313 747 Haec
331 715 472 748 tamen
489 710 700 749 scribenda
720 713 946 748 existimavi
964 724 972 748 :
1004 713 1192 761 primum,
1211 709 1252 748 S.
1271 709 1316 748 P.
1335 709 1387 757 Q.

198 762 247 801 R.
269 763 322 802 de
343 768 388 802 te
408 763 605 810 laborare,
627 777 709 802 non
730 764 859 802 solum
880 763 1019 802 salutis
1041 776 1138 802 suae
1159 776 1294 809 causa,
1315 762 1389 801 sed

199 819 323 854 etiam
337 817 547 869 dignitatis
561 823 672 856 tuae.
714 817 971 856 Admirabilis
987 820 1095 855 enim
1109 823 1172 855 est
1186 816 1386 868 quaedam

197 873 258 908 tui
277 874 447 909 nominis
466 874 625 917 caritas,
645 885 838 923 amorque
856 874 899 909 in
917 877 960 909 te
979 871 1189 922 singularis
1208 872 1387 909 omnium

196 926 356 963 civium.
404 925 470 963 Ita
492 928 600 963 enim
621 931 787 975 sperant
806 931 932 976 atque
953 924 1175 970 confidunt,
1196 930 1244 962 ut
1263 929 1387 962 antea

197 991 308 1029 rege,
331 981 388 1017 sic
410 978 485 1017 hoc
508 984 694 1029 tempore
715 992 842 1030 regno
865 985 909 1016 te
931 978 1222 1029 rempublicam
1243 977 1387 1015 libera-
1438 999 1448 1034 ᾖ·

157 1036 178 1069 2
197 1036 347 1070 turum.
401 1032 555 1071 Romae
583 1033 765 1071 delectus
793 1033 967 1070 habetur
994 1037 1165 1083 totaque
1193 1030 1326 1076 Italia,
1353 1033 1386 1068 si

195 1084 259 1123 hic
286 1086 467 1124 delectus
494 1086 758 1137 appellandus
787 1092 863 1132 est,
889 1099 982 1124 cum
1008 1085 1115 1124 ultro
1141 1097 1185 1123 se
1212 1084 1386 1123 offerunt

196 1152 335 1178 omnes
353 1152 364 1186 ;
411 1145 550 1178 tantus
587 1141 706 1178 ardor
742 1142 953 1190 occupavit
989 1142 1142 1177 animos
1179 1138 1386 1176 hominum

195 1193 395 1232 desiderio
420 1194 620 1232 libertatis
645 1194 819 1245 odioque
845 1193 1026 1232 diutinae
1051 1194 1268 1231 servitutis.
1320 1191 1386 1229 De

195 1247 357 1298 reliquis
379 1248 500 1286 rebus
521 1261 547 1285 a
568 1253 612 1286 te
634 1251 715 1285 iam
738 1253 975 1297 exspectare
996 1246 1153 1285 litteras
1176 1245 1385 1290 debemus,

195 1300 295 1351 quid
307 1303 395 1351 ipse
409 1315 520 1353 agas,
534 1301 632 1352 quid
642 1306 781 1339 noster
796 1301 965 1346 Hirtius,
978 1300 1077 1352 quid
1091 1299 1239 1337 Caesar
1251 1310 1385 1344 meus3

195 1366 295 1404 quos
321 1368 439 1405 spero
464 1356 576 1393 brevi
601 1361 786 1405 tempore
811 1357 1006 1392 societate
1031 1356 1222 1391 victoriae
1245 1358 1384 1390 tecum

197 1408 404 1458 copulatos
425 1408 525 1446 fore.
573 1408 790 1459 Reliquum
812 1414 887 1453 est,
909 1414 956 1446 ut
977 1407 1029 1446 de
1050 1420 1117 1445 me
1138 1406 1181 1445 id
1200 1406 1384 1452 scribam,

194 1462 305 1513 quod
315 1467 359 1500 te
373 1475 423 1500 ex
436 1468 599 1500 tuorum
610 1462 756 1501 litteris
770 1467 813 1500 et
825 1475 942 1512 spero
956 1467 999 1499 et
1010 1460 1116 1499 malo
1126 1472 1383 1512 cognoscere,

243 1595 258 1611 ⁰
283 1589 335 1624 Or
364 1590 386 1604 “
402 1590 562 1623 Paulla”
591 1590 677 1632 (viii.
708 1593 741 1623 ’7.
770 1590 820 1632 2).
873 1589 942 1622 For
969 1589 1030 1622 the
1057 1588 1188 1621 double
1215 1589 1307 1620 form
1334 1586 1380 1619 cf.

200 1633 375 1666 Claudius
390 1633 462 1666 and
483 1634 640 1672 Clodius,
653 1634 858 1675 plaustrum
873 1632 944 1665 and
957 1633 1145 1674 plostrum.

251 1676 265 1697 ι’
286 1677 362 1709 The
376 1676 474 1710 three
488 1687 620 1719 envoys
636 1679 713 1709 sent
735 1676 785 1718 by
799 1676 859 1709 the
881 1675 1011 1708 Senate
1032 1685 1079 1708 on
1101 1674 1124 1708 J
1127 1685 1184 1707 an.
1201 1676 1222 1705 5
1237 1676 1275 1706 to
1291 1675 1382 1706 treat

201 1720 286 1752 with
308 1720 430 1753 Anton
475 1719 596 1753 before
624 1719 785 1752 Mutina:
808 1719 894 1761 they
916 1729 1006 1752 were
1027 1717 1169 1751 Servius
1192 1715 1379 1758 Sulpicius,

203 1763 244 1795 L.
262 1762 354 1801 Piso,
370 1731 456 1796 andy
459 1762 501 1795 L.
519 1762 713 1805 Philippus.
762 1761 905 1795 Servius
926 1760 990 1794 Sul
1017 1762 1103 1794 icius
1117 1760 1194 1801 (the
1208 1761 1324 1792 writer
1342 1758 1384 1791 of
1446 1771 1448 1786 2

200 1806 260 1838 the
272 1805 372 1839 letter
383 1806 424 1839 of
434 1805 646 1839 condolence
657 1809 694 1838 to
710 1804 832 1838 Cicero
845 1815 890 1837 on
901 1804 961 1837 the
1001 1803 1083 1837 eath
1098 1804 1139 1836 of
1149 1802 1275 1840 Tullia,
1286 1803 1332 1835 iv.
1344 1803 1365 1834 5

201 1848 283 1881 died
306 1849 425 1882 before
446 1849 531 1890 they
548 1848 695 1881 reached
718 1848 876 1890 Antony,
893 1846 964 1880 and
987 1847 1048 1880 the
1069 1846 1170 1880 other
1188 1848 1258 1878 two
1273 1843 1336 1878 fail

201 1891 419 1934 lamentably
434 1894 470 1924 in
485 1892 575 1925 their
591 1893 744 1924 mission.

248 1940 261 1956 ⁰
284 1935 406 1968 Cicero
421 1935 573 1977 thought
589 1945 673 1976 very
690 1933 814 1976 highly
828 1933 869 1966 of
881 1932 1055 1966 Octavian
1071 1935 1108 1965 at
1122 1931 1192 1964 this
1206 1932 1304 1964 time.

196 1991 271 2024 448
