1448 2236
699 46 900 87 CICERO

203 152 312 188 enim
329 150 346 188 ?
380 164 461 189 non
481 150 697 189 honestum
717 152 887 191 verbum
907 158 971 192 est
989 152 1122 192 divisio
1138 154 1155 193 ?
1206 155 1265 194 At
1284 157 1391 195 inest

204 205 437 250 obscenum,
451 207 514 243 cui
528 205 748 256 respondet
761 205 1004 259 intercapedo.
1058 207 1167 246 Num
1179 207 1280 248 haec
1294 222 1390 261 ergo

204 258 378 296 obscena
403 259 531 297 sunt?
585 259 667 297 Nos
694 265 833 298 autem
858 261 1038 307 ridicule,
1063 264 1097 300 si
1121 262 1303 309 dicimus,
1328 263 1392 302 ilk

198 317 345 363 patrem
366 312 625 364 strangulavit,
647 313 840 352 honorem
861 328 943 353 non
962 314 1220 366 praefamur3
1256 319 1318 355 sin
1338 317 1390 355 de

203 365 370 404 Aurelia
389 366 540 418 aliquid
559 373 630 405 aut
650 367 791 413 Lollia,
809 368 935 407 honos
951 368 1196 420 praefandus
1215 376 1292 409 est.
1335 370 1391 408 Et

175 443 177 445 ·
204 420 370 470 quidem
395 422 477 458 iam
504 423 628 459 etiam
654 435 735 460 non
761 423 936 460 obscena
960 423 1085 461 verba
1108 436 1182 474 pro
1209 425 1390 462 obscenis

203 479 311 511 sunt.
363 473 521 519 Βαιίαίἰ,
541 476 687 525 inquit,
708 476 969 526 impudenter
985 489 996 522 3
1030 476 1150 528 depsit
1169 478 1298 516 multo
1318 480 1391 515 im-

203 527 437 580 pudentius.
476 529 605 579 Atqui
618 534 808 568 neutrum
822 535 885 568 est
897 531 1128 569 obscenum.
1167 530 1391 570 Stultorum

202 581 325 631 plena
357 587 454 620 sunt
485 585 633 621 omnia.
691 582 831 630 Testes,
864 585 1032 622 verbum
1065 584 1391 623 honestissimum

203 637 244 672 in
282 635 442 682 iudicio,
481 636 558 674 alio
595 636 681 675 loco
719 651 800 676 non
837 640 967 676 nimis.
1021 638 1080 676 At
1108 638 1267 677 honesti
1297 638 1388 678 colei
1438 639 1441 641 “

203 687 402 735 Lanuvini,
443 689 636 728 Cliternini
670 705 751 729 non
787 691 960 730 honesti.
1013 691 1153 739 Quid?
1204 695 1292 744 ipsa
1325 706 1390 731 res

202 744 323 782 modo
344 743 529 789 honesta,
549 745 670 783 modo
690 748 831 795 turpis.
869 739 1074 797 Suppedit,
1094 745 1293 797 flagitium
1314 752 1389 785 est.

204 796 292 834 Iam
315 800 393 835 erit
414 798 545 836 nudus
567 800 609 836 in
630 798 789 844 balneo,
810 813 891 838 non
912 799 1198 850 reprehendes.
1251 800 1390 839 Habes

162 856 183 887 5
202 850 379 888 scholam
415 851 604 897 Stoicam,
642 850 662 888 ὁ
698 853 821 900 σοφὸς
867 851 1203 903 εὐθυρρημονήσει.
1257 853 1390 901 Quam

201 905 330 942 multa
359 918 410 943 ex
438 919 518 943 uno
545 906 669 944 verbo
700 907 804 943 tuo?
857 906 916 944 Te
944 906 1134 945 adversus
1161 920 1229 945 me
1256 910 1390 946 omnia

202 958 352 996 audere
373 965 536 1010 gratum
559 965 635 997 est.
688 959 778 1010 Ego
799 973 914 998 servo
936 965 980 998 et
1000 961 1168 999 servabo
1189 961 1260 1012 (sic
1283 963 1390 999 enim

201 1012 373 1063 assuevi)
397 1012 575 1051 Platonis
598 1014 895 1051 verecundiam.
950 1013 1096 1065 Itaque
1117 1017 1237 1053 tectis
1257 1016 1388 1053 verbis

202 1079 251 1104 ea
268 1066 321 1104 ad
339 1071 383 1104 te
401 1069 552 1117 scripsi,
571 1080 676 1117 quae
695 1069 955 1118 apertissimis
974 1073 1102 1119 agunt
1120 1067 1256 1106 Stoici.
1308 1068 1389 1107 Sed

200 1119 254 1157 illi
278 1122 402 1158 etiam
423 1123 600 1171 crepitus
622 1123 736 1159 aiunt
757 1134 888 1172 aeque
908 1121 1054 1160 liberos
1075 1135 1121 1159 ac
1141 1128 1279 1160 ructus
1300 1135 1388 1160 esse

199 1180 401 1224 oportere.
456 1174 663 1213 Honorem
686 1177 812 1226 igitur
838 1174 1032 1213 Kalendis
1058 1174 1184 1214 Mart.
1235 1176 1298 1214 Tu
1321 1189 1388 1214 me

198 1227 341 1279 diliges
361 1234 405 1266 et
422 1228 587 1266 valebis.

246 1348 261 1363 ‘¹
285 1344 425 1377 Divisio
447 1345 607 1377 contains
630 1344 747 1383 -visio,
770 1345 900 1378 visium
921 1344 1031 1387 being
1053 1344 1074 1358 “
1089 1355 1112 1377 a
1133 1345 1292 1384 steuch,”
1314 1345 1386 1379 and
1446 1338 1448 1341 ¹

195 1388 513 1472 peffoO——rwfipssaaving
528 1441 618 1472 your
629 1429 831 1472 presence.’'
880 1430 1126 1473 Stranqulavit
1138 1431 1384 1473 :compressa

246 1477 259 1494 ⁶
282 1473 431 1515 Typical
447 1477 661 1506 courtesans.

244 1515 261 1536 ⁴
282 1516 515 1549 Battuere=“
530 1519 568 1549 to
583 1515 705 1558 pound
717 1515 759 1554 ”3
785 1515 992 1557 depsere=“
1007 1518 1046 1548 to
1061 1514 1218 1548 knead.”

245 1563 257 1580 ⁶
279 1558 355 1592 The
378 1560 546 1600 meaning
568 1559 608 1591 of
627 1559 696 1592 this
721 1560 749 1592 is
771 1558 930 1597 obscure,
954 1558 1091 1601 though
1117 1558 1231 1592 colem
1253 1558 1385 1600 (culm
1444 1558 1448 1590 ἶ

198 1613 238 1635 οι·
253 1602 400 1643 culleus)
417 1603 617 1635 sometimes
627 1605 824 1634 :scr-otum.

243 1644 259 1668 t
281 1644 348 1678 See
364 1648 445 1678 note
463 1649 479 1664 ‘¹
494 1644 618 1677 above.
1445 1660 1448 1661 ν

244 1691 259 1711 ¹
282 1687 358 1721 The
384 1687 455 1730 day
485 1687 587 1720 when
617 1686 676 1720 the
703 1686 855 1719 Festival
885 1686 926 1719 of
951 1686 1010 1719 the
1039 1686 1201 1719 Matrons
1231 1685 1383 1728 (Μῶν-ο·
1444 1687 1448 1692 “

196 1731 311 1771 nalia)
335 1741 406 1763 was
437 1729 645 1763 celebrated.
695 1728 816 1762 Cicero
839 1729 976 1770 implies
1006 1729 1084 1761 that
1111 1729 1172 1762 the
1201 1728 1280 1762 bes†
1308 1739 1382 1762 cor·
1444 1747 1448 1751 -

196 1775 324 1807 rective
347 1773 388 1806 of
413 1773 474 1806 the
504 1782 704 1806 coarseness
734 1771 775 1805 of
801 1771 940 1813 speech,
963 1771 1161 1810 cmxdoned,
1192 1771 1264 1804 and
1295 1782 1381 1805 even

196 1816 432 1860 encouraged.
448 1816 498 1859 by
514 1816 574 1849 the
589 1815 716 1855 Stoics,
733 1816 761 1848 is
778 1814 966 1857 respectful
981 1813 1136 1858 decency
1152 1814 1192 1848 of
1204 1815 1382 1858 language

199 1987 278 2026 270
