1448 2236
683 83 885 123 CICERO

189 184 346 236 Lepidi.
400 186 482 225 Nos
509 187 561 226 de
589 187 802 227 Dolabella
828 189 1024 240 quotidie,
1050 202 1156 241 quae
1183 188 1378 234 volumus,

189 259 371 297 audimus
389 271 400 305 ;
458 261 530 299 sed
574 261 705 299 adhuc
747 264 833 300 sine
877 264 1026 312 capite,
1069 264 1156 300 sine
1200 267 1377 307 auctore,

149 335 170 366 2
187 345 347 370 rumore
372 336 527 371 nuntio.
581 333 700 381 Quod
723 347 815 372 cum
839 337 899 372 ita
923 340 1044 380 esset,
1068 340 1209 373 tamen
1231 333 1377 373 litteris

187 407 281 450 tuis,
302 418 402 456 quas
423 405 547 444 Nonis
570 406 690 445 Maiis
711 420 764 445 ex
783 410 923 445 castris
943 407 1061 446 datas
1081 419 1377 458 acceperamm,

186 479 246 515 ita
268 490 505 528 persuasum
529 485 618 518 erat
641 482 809 526 civitati,
833 486 880 518 ut
903 480 1015 518 illum
1037 482 1119 518 iam
1143 492 1377 531 oppressum

188 563 327 589 omnes
347 552 652 598 arbitrarentur,
671 558 715 591 te
734 559 873 591 autem
890 555 933 590 in
952 552 1114 591 Italiam
1132 555 1268 591 venire
1286 565 1377 590 cum

188 626 398 670 exercitu;
437 630 497 670 ut,
524 627 556 663 si
581 625 683 663 haec
709 639 760 663 ex
786 628 991 664 sententia
1016 624 1202 664 confecta
1227 630 1377 670 essent,

188 696 351 735 consilio
372 702 496 748 atque
522 701 765 736 auctoritate
791 704 877 744 tua,
897 700 959 737 sin
984 698 1083 750 quid
1101 697 1207 736 forte
1227 697 1378 736 tituba-

189 774 291 814 tum,
315 775 362 808 ut
384 770 430 808 fit
452 773 494 808 in
516 770 635 817 bello,
660 773 841 809 exercitu
863 776 935 810 tuo
957 773 1192 810 niteremur.
1245 769 1376 818 Quem

189 842 354 892 quidem
377 855 454 894 ego
477 846 715 889 exercitum,
738 844 1058 898 quibuscumque
1079 848 1223 894 potero
1243 843 1377 888 rebus,

188 915 353 961 ornabo,
381 918 493 954 cuius
521 918 579 954 rei
607 921 696 955 tum
724 921 886 967 tempus
915 919 1005 963 erit,
1034 929 1140 962 cum,
1168 915 1265 967 quid
1292 917 1377 966 opis

187 987 432 1038 reipublicae
448 988 603 1027 laturus
619 991 653 1027 is
672 991 872 1027 exercitus
890 991 956 1034 sit,
974 994 1046 1027 aut
1064 988 1161 1040 quid
1176 990 1258 1026 iam
1275 986 1377 1026 tule-

188 1063 255 1105 rit,
269 1067 411 1098 notum
426 1074 513 1099 esse
527 1064 719 1112 coeperit.
774 1061 879 1099 Nam
892 1061 1023 1100 adhuc
1035 1066 1197 1099 tantum
1210 1065 1376 1098 conatus

189 1133 421 1180 audiuntur,
449 1136 591 1184 optimi
617 1133 673 1171 illi
701 1135 864 1185 quidem
893 1139 937 1172 et
962 1133 1279 1185 praeclarissimi,
1305 1133 1376 1172 sed

189 1212 307 1257 gesta
331 1219 394 1244 res
421 1213 709 1257 exspectatur3
749 1220 872 1258 quam
897 1207 1061 1258 quidem
1087 1212 1159 1244 aut
1182 1208 1264 1244 iam
1289 1218 1376 1244 esse

149 1284 171 1318 3
189 1278 364 1330 aliquam
385 1285 456 1318 aut
484 1282 805 1331 appropinquare
834 1279 1003 1318 confido.
1055 1279 1143 1317 Tua
1164 1281 1315 1316 virtute
1334 1283 1377 1315 et

188 1335 469 1403 magnitudine
498 1355 619 1390 animi
645 1352 743 1390 nihil
767 1358 831 1390 est
853 1351 1037 1390 nobilius.
1091 1351 1237 1402 Itaque
1264 1356 1378 1401 opta-

190 1414 292 1470 mus,
315 1430 361 1462 ut
382 1438 505 1476 quam
525 1427 700 1475 primum
720 1430 763 1463 te
784 1427 826 1462 in
849 1424 968 1462 Italia
987 1425 1207 1462 videamus.
1259 1422 1378 1461 Rem-

189 1496 392 1547 publicam
411 1511 482 1535 nos
502 1497 652 1535 habere
672 1498 969 1543 arbitrabimur,
987 1499 1021 1535 si
1039 1510 1108 1535 vos
1127 1496 1377 1534 habebimus.

191 1568 401 1608 Praeclare
416 1572 651 1615 viceramus,
666 1572 740 1607 nisi
755 1569 985 1620 spoliatum,
998 1572 1209 1614 inermem,
1223 1567 1378 1620 fugien-

191 1648 278 1680 tem
314 1642 491 1693 Lepidus
527 1645 747 1693 recepisset
781 1642 1018 1680 Antonium.
1083 1641 1230 1693 Itaque
1265 1653 1378 1678 num-
1443 1658 1448 1695 ξ

193 1727 315 1765 quam
343 1720 460 1753 tanto
488 1715 579 1753 odio
607 1716 760 1753 civitati
788 1714 989 1752 Antonius
1017 1713 1109 1760 fuit,
1137 1719 1290 1764 quanto
1317 1717 1380 1751 est

195 1786 386 1838 Lepidus.
440 1787 513 1826 Ille
538 1790 645 1826 enim
669 1800 721 1826 ex
744 1786 979 1825 turbulenta
1001 1786 1219 1837 republica,
1243 1777 1307 1823 liic
1329 1797 1379 1823 ex

195 1873 295 1910 pace
328 1866 372 1898 et
403 1863 568 1898 victoria
600 1859 751 1898 bellum
783 1861 988 1897 excitavit.
1041 1858 1147 1897 Huic
1178 1860 1379 1909 oppositos

196 1932 377 1971 consules
406 1934 637 1985 designatos
665 1932 874 1978 habemus,
901 1934 943 1970 in
971 1932 1115 1983 quibus
1144 1936 1207 1970 est
1233 1943 1381 1982 magna

199 2029 274 2064 542
