1448 2236
687 74 893 114 CIOERO-

717 195 858 234 XXIX

644 304 786 330 cmi-:no
811 304 930 330 APPIO

602 385 752 425 Romae,
766 396 873 419 A.u.c.
890 388 970 420 711.

242 461 308 500 De
342 476 436 501 meo
470 463 604 501 studio
641 475 739 514 erga
771 463 946 501 salutem
981 468 1026 502 et
1058 463 1379 501 incolumitatem

190 521 320 562 tuam,
339 516 460 555 credo
485 522 530 555 te
555 530 750 568 cognosse
773 530 824 556 ex
847 517 993 556 litteris
1017 522 1209 563 tuorum;
1236 516 1380 568 quibus

189 584 257 608 me
293 570 610 609 cumulatissime
641 569 884 609 satisfecisse
915 575 1027 610 certo
1063 573 1144 609 scio
1162 582 1173 616 ;
1214 583 1292 609 nec
1319 569 1380 608 his

189 624 381 670 concedo,
395 637 643 676 quamquam
655 630 752 663 sunt
764 624 956 676 singulari
968 627 1012 663 in
1023 630 1068 663 te
1080 623 1380 669 benevolentia,

192 683 240 716 ut
255 683 299 716 te
315 678 470 716 salvum
485 679 643 725 malint,
659 692 782 730 quam
800 692 890 730 ego.
944 678 1007 716 Illi
1022 677 1121 716 mihi
1135 690 1302 716 necesse
1318 683 1381 716 est

192 732 432 778 concedant,
469 737 516 770 ut
551 733 626 771 tibi
661 732 766 784 plus,
802 745 925 784 quam
960 734 1050 784 ipsi,
1085 731 1161 770 hoc
1194 736 1380 782 tempore

191 786 384 836 prodesse
410 789 588 836 possim;
631 787 740 837 quod
768 786 934 837 quidem
960 799 1036 824 nec
1063 786 1204 823 destiti
1231 783 1380 830 facere,

190 852 267 877 nec
290 839 485 878 desistam
503 851 513 885 3
553 845 596 878 et
618 842 699 877 iam
722 842 764 878 in
786 841 966 877 maxima
986 852 1032 878 re
1054 838 1148 885 feci,
1171 844 1216 878 et
1237 837 1380 877 funda-

191 898 333 931 menta
350 895 427 931 ieci
446 893 586 931 salutis
604 899 716 932 tuae.
768 893 830 932 Tu
849 892 914 931 fac
935 893 1042 931 bono
1061 890 1195 931 aniino
1213 905 1380 944 magno-

190 959 272 997 que
291 949 358 992 sis,
372 960 522 998 meque
541 948 616 985 tibi
635 947 745 985 nulla
763 961 807 985 re
827 946 1064 986 defuturum
1082 959 1171 985 esse
1189 945 1377 985 confidas.

190 999 328 1039 Pridie
345 1000 482 1039 Nonas
501 1000 740 1048 Quinctiles.

728 1142 845 1181 XXX

560 1227 689 1277 *GALBA
716 1251 901 1277 CICERONI
928 1250 1009 1278 SAL.

537 1324 596 1359 Ad
615 1324 809 1363 Mutinam,
826 1335 932 1358 ΛΑΜ).
951 1326 1030 1358 711.

159 1401 175 1433 1
242 1407 357 1433 xvnl.
381 1394 550 1432 Kalend.
577 1393 693 1440 Maii,
713 1407 793 1444 quo
817 1394 884 1432 die
903 1392 1035 1431 Pansa
1052 1395 1094 1431 in
1113 1395 1253 1432 castris
1272 1393 1381 1432 Hirti

192 1455 281 1487 erat
300 1447 474 1494 futurus,
488 1461 580 1486 cum
600 1461 680 1499 quo
700 1460 776 1499 ego
797 1460 908 1486 eram
926 1447 1038 1499 (nam
1057 1449 1095 1485 ei
1114 1448 1273 1485 obviam
1291 1461 1382 1498 pro·

190 1515 391 1541 cesseram
433 1502 558 1539 millia
598 1514 791 1552 passuum
837 1506 1017 1547 centum,
1058 1513 1139 1552 quo
1184 1503 1380 1539 maturius

191 1555 381 1608 veniret),
407 1555 610 1594 Antonius
635 1555 816 1606 legiones
844 1554 987 1593 eduxit
1012 1554 1126 1600 duas,
1153 1553 1380 1592 Secundam
1432 1559 1435 1561 ’

193 1615 237 1649 et
257 1610 452 1657 Quintam
472 1611 737 1660 trigesimam,
758 1614 802 1647 et
820 1607 1006 1647 cohortes
1024 1610 1247 1659 praetorias
1267 1608 1381 1654 duas,

242 1776 257 1792 ⁰
281 1771 393 1805 Gaius
417 1771 557 1814 Appius
581 1769 750 1804 Claudius
773 1770 846 1803 had
868 1769 958 1803 been
980 1781 1154 1812 governor
1176 1769 1217 1803 of
1235 1769 1323 1803 Asia
1344 1770 1381 1803 in

196 1817 320 1854 55—54,
345 1814 417 1848 and
441 1826 488 1848 on
512 1814 566 1847 his
591 1817 710 1847 return
734 1824 807 1846 was
830 1813 1051 1846 condemned
1075 1824 1122 1846 on
1145 1823 1168 1846 a
1191 1813 1322 1855 charge
1345 1812 1385 1846 of

195 1860 368 1891 extortion
393 1857 465 1890 and
490 1857 614 1896 exiled,
638 1857 704 1890 but
728 1867 840 1890 seems
863 1859 901 1890 to
926 1856 1016 1890 have
1039 1856 1129 1889 been
1153 1855 1308 1889 restored
1331 1855 1382 1898 by

195 1902 423 1978 Αῐῖῒέιέῐῖνίυε
444 1942 621 1986 Sulpicius
643 1942 771 1982 Galba,
792 1941 1139 1985 great-grandfather
1159 1941 1199 1975 of
1221 1941 1281 1975 the
1309 1952 1382 1975 em-

199 2017 276 2057 392
