1448 2236
703 54 904 94 CICERO

205 170 354 207 magno
392 159 526 195 animo
567 160 619 196 sis
661 163 705 196 et
746 158 918 204 excelso,
956 162 1192 212 cogitesque
1232 173 1393 200 omnem

205 218 451 268 dignitatem
488 224 602 257 tuam
641 233 732 257 cum
769 220 974 271 republica
1009 224 1267 261 coniunctam
1304 235 1393 261 esse

206 279 371 319 debere.

728 385 869 424 XXVB

444 479 591 520 Romae,
608 480 715 523 paulo
730 485 811 523 post
826 481 955 515 XXVA
973 484 1153 525 scriptum.

164 569 185 601 6
255 564 299 603 Ρ.
326 564 542 603 Lucceium
567 566 665 604 mihi
688 579 826 605 meum
849 568 1120 614 commendas,
1146 581 1282 619 quem,
1306 569 1391 618 qui-

202 626 450 678 buscumque
465 628 584 666 rebus
598 633 756 678 potero,
770 628 989 680 diligenter
1002 630 1160 668 tuebor.
1213 629 1391 667 Hirtium

202 688 367 738 quidem
406 694 449 727 et
487 688 673 735 Pansam,
711 690 885 742 collegas
923 697 1094 737 nostros,
1131 691 1313 729 homines
1349 693 1392 728 in

201 749 410 788 consulatu
430 751 674 801 reipublicae
700 751 910 798 salutares,
931 752 1061 790 alieno
1087 766 1183 791 sane
1206 759 1390 803 tempore

201 813 418 857 amisimus,
459 812 664 863 republica
704 814 936 851 Antoniano
977 815 1142 865 quidem
1182 814 1390 852 latrocinio

199 872 384 919 liberata,
407 874 480 912 sed
503 875 682 912 nondum
705 877 867 913 omnino
892 875 1121 926 explicata;
1159 889 1281 927 quam
1304 889 1388 921 nos,

199 936 231 971 si
268 934 418 980 licebit,
456 948 567 973 more
605 941 742 974 nostro
779 937 998 983 tuebimur,
1036 950 1283 988 quamquam
1320 936 1388 975 ad-

198 996 364 1034 modum
392 1009 529 1035 sumus
556 1000 639 1035 iam
667 997 896 1049 defetigati.
949 998 1031 1037 Sed
1059 999 1168 1037 nulla
1195 998 1389 1037 lassitudo

160 1062 179 1093 7
198 1058 394 1108 impedire
415 1058 587 1096 officium
608 1065 652 1097 et
672 1059 794 1097 fidem
815 1060 952 1098 debet.
1006 1059 1157 1098 Verum
1177 1060 1277 1098 haec
1297 1060 1389 1097 hac-

198 1124 332 1157 tenus.
385 1120 451 1157 Ab
480 1120 565 1158 aliis
593 1126 637 1159 te
666 1121 718 1159 de
746 1134 826 1166 me,
856 1135 979 1172 quam
1007 1135 1032 1159 a
1058 1135 1125 1160 me
1153 1124 1254 1172 ipso,
1282 1120 1388 1159 malo

198 1194 452 1232 cognoscere.
506 1182 570 1220 De
585 1188 628 1220 te
643 1183 905 1221 audiebamus
921 1196 983 1229 ea,
998 1196 1103 1234 quae
1117 1185 1293 1221 maxime
1307 1182 1388 1220 vel·
1446 1209 1448 1212 .

198 1241 338 1280 lemus.
393 1243 458 1281 De
476 1243 548 1281 Cn.
569 1243 761 1289 Minucio,
780 1258 902 1295 quem
919 1251 966 1283 tu
983 1245 1225 1296 quibusdam
1241 1244 1387 1282 litteris

198 1304 250 1341 ad
267 1304 423 1342 caelum
441 1304 626 1343 laudibus
646 1305 840 1351 extulisti,
858 1319 1038 1344 rumores
1057 1306 1236 1344 duriores
1257 1311 1386 1343 erant.
1444 1304 1448 1314 ²

198 1365 247 1403 Id
267 1365 385 1416 quale
407 1369 472 1411 sit,
493 1369 750 1418 omninoque,
771 1368 869 1418 quid
888 1370 978 1406 istic
999 1373 1157 1419 agatur,
1177 1366 1300 1405 facias
1320 1379 1386 1405 me
1445 1355 1448 1373 ⁸

197 1426 316 1464 velim
334 1430 561 1466 certiorem.
1438 1420 1448 1492 ξ

248 1526 275 1559 ·“,
287 1521 362 1554 The
378 1524 448 1554 two
460 1523 610 1555 sections
627 1525 647 1555 6
663 1523 736 1555 and
753 1526 772 1556 7
790 1523 905 1556 which
921 1525 1109 1556 constitute
1125 1523 1195 1556 this
1210 1522 1311 1556 letter
1326 1533 1387 1556 are
1415 1557 1420 1559 „

200 1564 385 1606 obviously
399 1566 437 1598 in
451 1565 512 1598 the
526 1568 651 1598 nature
665 1565 706 1598 of
716 1576 738 1598 a
752 1568 942 1608 postscript
955 1570 992 1599 to
1007 1567 1067 1600 the
1080 1565 1272 1609 preceding
1286 1565 1387 1599 letter

200 1608 314 1640 which
330 1618 402 1640 was
417 1609 554 1640 written
569 1608 680 1641 about
697 1609 823 1641 March
838 1610 936 1648 25th,
952 1610 1108 1643 whereas
1122 1609 1221 1643 these
1235 1610 1386 1642 sections

200 1662 290 1683 were
305 1652 442 1684 written
458 1652 494 1684 in
512 1651 612 1693 May,
628 1651 718 1684 after
733 1651 792 1684 the
807 1651 914 1685 death
929 1652 970 1685 of
981 1652 1041 1686 the
1055 1651 1206 1686 consuls.

247 1694 260 1714 ¹·
285 1693 382 1736 Only
398 1694 599 1727 mentioned
617 1694 699 1727 here
714 1694 785 1727 and
802 1695 839 1726 in
855 1697 911 1727 30.
929 1697 962 1727 5.

249 1740 263 1757 ⁰
285 1736 360 1769 The
371 1737 546 1770 reference
557 1739 586 1770 is
597 1737 756 1772 obscure.
803 1737 860 1770 He
870 1747 942 1770 was
952 1736 1110 1779 possibly
1121 1747 1143 1770 a
1153 1739 1386 1779 government
1438 1739 1448 1752 ¹

199 1779 327 1813 official
343 1781 380 1813 in
395 1780 530 1813 Africa.
1440 1755 1448 1826 ἒ

1443 1832 1448 1855 ε

203 1987 282 2026 606
