1448 2236
673 63 875 102 CICERO

169 166 280 218 prius
303 180 348 205 ex
371 167 556 206 Kalendis
581 167 702 206 Mart.
727 180 817 206 neve
839 166 931 220 quid
953 167 1170 207 coniunctim
1193 167 1240 206 de
1262 180 1308 206 ea
1330 179 1371 205 re

173 240 376 294 referretur
405 257 429 281 a
458 242 681 289 consulibus,
711 243 836 295 utique
864 242 944 282 eius
970 242 1027 282 rei
1054 256 1170 282 causa
1193 256 1265 295 per
1291 242 1371 281 dies

174 319 376 357 comitiales
387 324 554 358 senatum
565 319 750 365 haberent,
763 318 992 372 Senatusque
1001 319 1117 358 Cons.
1121 318 1312 371 facerent,
1323 323 1370 364 et,

175 408 256 433 cum
268 395 314 433 de
327 409 370 433 ea
385 409 426 433 re
439 395 490 433 ad
503 401 669 434 senatum
682 394 885 448 referretur
899 410 924 434 a
937 394 1160 442 consulibus,
1171 395 1237 448 qui
1247 408 1370 433 eorum

176 471 215 509 in
237 471 338 510 CCC
352 471 535 511 iudicibus
554 478 686 518 essent,
701 485 765 510 sex
780 471 961 510 adducere
975 472 1108 511 liceret.
1161 470 1205 510 Si
1221 471 1313 523 quid
1325 470 1372 510 de

172 560 217 585 ea
243 561 284 586 re
306 548 358 586 ad
372 548 553 600 populum
581 548 632 587 ad
653 547 840 600 plebemve
863 548 938 586 lato
962 561 1056 600 opus
1078 553 1185 593 esset,
1210 547 1266 586 uti
1289 546 1369 586 Ser.

171 623 358 675 Sulpicius
374 624 436 663 M.
453 624 662 663 Marcellus
685 623 789 663 Coss.
799 629 1005 676 praetores,
1017 623 1224 676 tribunique
1236 622 1370 676 plebis,

175 700 309 752 quibus
330 714 454 739 eorum
472 701 667 746 videretur,
688 701 739 739 ad
754 701 934 752 populum
953 699 1141 753 plebemve
1157 699 1368 752 referrent:

175 777 276 829 quod
299 777 334 815 si
357 777 387 816 ii
409 791 482 816 non
509 777 688 823 tulissent,
711 777 778 823 uti,
800 777 1020 829 quicumque
1042 776 1214 828 deinceps
1238 782 1370 822 essent,

175 854 226 892 ad
235 854 415 906 populum
429 853 616 906 plebemve
621 853 786 906 ferrent.
838 853 880 893 I.
899 853 953 892 Ν.

132 935 155 968 6
226 929 331 969 Prid.
347 930 509 969 Kalend.
526 930 652 970 Octob.
668 930 706 968 in
722 930 811 968 aede
829 929 1028 982 Apollinis,
1043 929 1152 969 scrib.
1167 928 1370 982 adfuerunt

173 1005 220 1045 L.
246 1006 451 1052 Domitius,
481 1006 549 1046 Cn.
574 1006 622 1045 F.
647 1006 743 1046 Fab.
770 1005 1035 1045 Ahenobarbus
1049 1021 1068 1050 ;
1108 1005 1157 1050 Q.
1188 1005 1369 1045 Caecilius

173 1082 222 1126 Q.
252 1083 299 1122 F.
328 1082 424 1122 Fab.
455 1083 632 1121 Metellus
663 1082 757 1122 Pius
786 1082 940 1135 Scipio;
984 1082 1030 1121 L.
1067 1081 1216 1128 Villius,
1245 1081 1292 1120 L.
1320 1081 1368 1121 F.

174 1157 319 1210 Pompt.
355 1157 516 1197 Annalis
527 1173 545 1202 ,·
598 1157 640 1198 G.
675 1158 873 1210 Septimius
911 1157 958 1196 T.
992 1158 1039 1196 F.
1075 1157 1235 1201 Quirina
1245 1173 1265 1202 ,·
1324 1156 1366 1196 C.

175 1234 342 1273 Lucilius
369 1233 412 1273 C.
435 1234 483 1273 F.
508 1234 604 1286 Pup.
630 1234 785 1280 Hirrus,
814 1234 855 1273 C.
881 1233 1105 1279 Scribonius,
1135 1233 1176 1272 C.
1200 1233 1248 1272 F.
1271 1232 1367 1285 Pop.

179 1310 304 1357 Curio,
325 1311 370 1349 L.
393 1310 522 1350 Ateius
549 1310 595 1350 L.
616 1311 662 1349 F.
684 1310 757 1349 An.
783 1310 943 1362 Capito‚·
979 1309 1041 1349 Μ.
1062 1309 1209 1362 Eppius
1237 1309 1299 1349 M.
1318 1310 1367 1350 F.

180 1387 392 1426 Terentina.
446 1387 556 1431 Quod
574 1387 636 1426 Μ.
657 1387 865 1425 Marcellus
883 1386 967 1426 Cos.
985 1398 1024 1426 v.
1032 1385 1074 1438 f.
1093 1386 1139 1424 de
1151 1385 1366 1438 provinciis,

175 1463 214 1502 d.
245 1477 277 1502 e.
307 1477 340 1502 r.
372 1464 398 1502 i.
430 1477 463 1502 c.
494 1469 660 1502 senatum
690 1463 900 1502 existimare
928 1462 1106 1501 neminem
1135 1475 1273 1508 eorum,
1302 1463 1369 1515 qui

224 1589 466 1631 “According
488 1593 525 1622 to
547 1589 607 1622 the
630 1589 704 1622 Lex
727 1588 842 1631 Pupia
864 1589 892 1622 it
912 1598 986 1622 was
1013 1591 1078 1622 not
1103 1591 1264 1622 customa

179 1633 268 1719 ἒιῗᾶ
287 1643 320 1709 34.
322 1632 463 1718 Ξῧηῆῒε
491 1643 537 1665 on
566 1632 657 1674 days
686 1643 732 1665 on
761 1631 876 1665 which
906 1631 1048 1665 comitia
1074 1631 1180 1665 oould
1209 1592 1366 1666 ΒειῖεΙᾱ

195 1688 212 1709 c
258 1687 281 1709 1.

227 1720 240 1740 θ
263 1719 349 1752 This
387 1717 504 1751 would
543 1718 588 1751 be
625 1718 738 1752 about
775 1717 854 1750 half
888 1718 949 1751 the
987 1717 1128 1751 Senate.
1174 1717 1366 1752 Strachan-

180 1762 376 1802 Davidson,
386 1761 563 1795 Problems
574 1761 618 1804 of
622 1761 759 1794 Roman
776 1760 951 1794 Criminal
962 1760 1057 1800 Law,
1074 1762 1110 1794 ii.
1122 1771 1160 1804 p.
1172 1763 1228 1800 76,
1239 1761 1364 1796 makes

179 1806 240 1840 the
255 1805 407 1839 number
421 1807 500 1838 400.

228 1854 241 1870 ⁶
264 1850 333 1887 i.e.,
351 1848 373 1863 “
387 1848 509 1882 before
522 1847 584 1880 the
598 1847 740 1880 comitia
754 1846 950 1879 centuriata
966 1857 1006 1879 or
1021 1845 1190 1879 tributa.”

226 1892 242 1912 ἆ
266 1892 295 1924 Ι.
314 1891 607 1925 N.=Intercessit
632 1900 742 1928 nemo,
770 1889 791 1903 “
806 1900 854 1922 no
880 1889 1021 1923 tribune
1050 1889 1253 1923 intervened
1279 1890 1364 1924 with

179 1945 204 1969 a
218 1934 336 1968 veto.”

186 1985 261 2025 136
