1448 2236
676 82 877 122 CICERO

180 184 351 231 insulsis,
367 187 476 237 quod
489 187 564 225 tibi
579 192 665 224 tam
679 190 759 225 cito
775 187 1023 232 succederet,
1037 200 1129 224 cum
1143 191 1190 224 tu
1205 186 1368 225 vixdum

181 244 349 293 triginta
366 243 452 281 dies
468 245 510 280 in
527 242 642 295 Syria
658 243 814 282 fuisses.
868 244 1014 295 Itaque
1030 243 1257 288 constabat,
1274 255 1367 281 eum

181 301 305 348 recipi
320 301 361 335 in
377 298 534 350 Syriam
549 313 630 337 non
645 305 845 351 oportere.
897 300 1062 339 Summa
1076 299 1162 338 laus
1179 306 1222 338 et
1237 305 1309 337 tua
1324 304 1368 337 et

182 354 296 393 Bruti
314 361 390 401 est,
408 356 516 406 quod
533 359 757 395 exercitum
772 362 936 408 praeter
951 369 1066 407 spem
1083 357 1368 394 existimamini

181 424 448 461 comparasse.
500 411 724 451 Scriberem
762 413 890 464 plura,
929 415 962 451 si
999 426 1086 451 rem
1125 425 1367 463 causamque

183 481 355 506 nossem.
408 468 524 507 Nunc
570 483 675 521 quae
722 471 864 516 scribo,
909 470 1037 508 scribo
1084 482 1135 508 ex
1181 471 1367 520 opinione

182 525 389 619 liltorlninum
410 531 533 577 atque
552 525 675 565 fama.
726 526 832 565 Tuas
851 527 1008 565 litteras
1028 526 1143 564 avide
1163 531 1367 577 exspecto.

219 595 243 619 a
260 595 297 621 e.

759 734 797 774 V

516 842 562 868 M.
580 842 618 868 T.
637 843 671 868 C.
690 842 721 868 S.
741 843 778 868 P.
797 842 836 868 D.
855 842 891 868 C.
909 841 1036 868 CASSIO

596 924 743 963 Romae,
761 934 867 957 A.u.c.
885 926 962 957 710.

146 1005 162 1038 l
234 1000 423 1038 Hiemem
441 1001 561 1039 credo
580 1001 710 1039 adhuc
728 1000 992 1050 prohibuisse,
1009 1013 1090 1051 quo
1106 1002 1238 1038 minus
1256 999 1308 1039 de
1325 1004 1370 1038 te

182 1063 339 1095 certum
379 1058 633 1102 haberemus,
674 1057 771 1108 quid
810 1070 965 1108 ageres,
1004 1060 1262 1108 maximeque
1300 1056 1369 1094 ubi

184 1127 304 1151 esses.
359 1113 650 1164 Loquebantur
667 1127 806 1152 omnes
821 1119 961 1152 tamen
979 1113 1129 1165 (eredo,
1142 1113 1252 1165 quod
1265 1111 1371 1150 vole·

183 1169 314 1221 bant),
335 1172 377 1207 in
397 1169 512 1221 Syria
532 1175 576 1208 te
598 1183 699 1215 esse,
720 1170 871 1208 habere
892 1172 1039 1221 copias.
1093 1169 1142 1208 Id
1162 1175 1300 1208 autem
1321 1181 1370 1206 eo

184 1225 337 1263 facilius
385 1226 639 1271 credebatur,
688 1228 782 1276 quia
829 1226 956 1264 simile
1003 1238 1098 1264 vero
1144 1225 1370 1264 videbatur.

184 1281 332 1320 Brutus
362 1283 526 1333 quidem
563 1288 701 1320 noster
738 1285 944 1334 egregiam
980 1281 1142 1320 laudem
1180 1287 1243 1320 est
1278 1293 1370 1320 con-

184 1344 360 1376 secutus.
414 1338 493 1376 Res
514 1341 622 1376 enim
641 1344 777 1377 tantas
795 1341 923 1391 gessit
939 1345 1107 1389 tamque
1130 1340 1371 1388 inopinataS,

185 1402 232 1434 ut
265 1408 338 1433 eae
370 1409 462 1434 cum
493 1408 567 1446 per
598 1409 641 1433 se
673 1401 815 1447 gratae
849 1401 998 1441 essent,
1030 1400 1119 1433 tum
1151 1396 1371 1433 ornatiores

185 1458 351 1502 propter
385 1450 651 1490 celeritatem.
715 1451 835 1499 Quod
854 1446 983 1490 vss'tu
1017 1464 1067 1489 ea
1101 1456 1231 1497 tenes,
1267 1463 1372 1502 quae

184 1514 389 1559 putamus,
420 1511 576 1559 magnis
608 1508 792 1546 subsidiis
824 1507 928 1546 fulta
957 1506 1182 1558 respublica
1212 1512 1303 1552 est3
1348 1519 1373 1543 a

184 1568 314 1615 prima
342 1567 450 1602 enim
478 1577 547 1601 ora
576 1564 770 1601 Graeciae
798 1577 926 1615 usque
955 1564 1008 1603 ad
1034 1563 1272 1615 Aegyptum
1303 1575 1373 1613 op-

185 1624 375 1659 timorum
407 1622 551 1658 civium
583 1622 759 1670 imperiis
795 1622 942 1658 muniti
979 1622 1126 1658 erimus
1159 1625 1204 1658 et
1234 1621 1371 1670 copiis.
1434 1667 1436 1670 y

237 1753 252 1769 ⁶
276 1748 352 1781 The
367 1749 469 1790 point
484 1747 524 1780 of
538 1747 597 1780 the
613 1757 767 1780 sai-casm
783 1747 813 1779 is
829 1746 907 1779 that
923 1746 1109 1780 Dolabella
1124 1745 1197 1780 had
1213 1749 1276 1780 not
1289 1746 1374 1789 only
1430 1745 1432 1747 ’

191 1790 409 1825 encroached
427 1801 524 1833 upon
541 1791 601 1823 the
616 1790 727 1832 thirty
743 1789 790 1822 da
816 1789 844 1823 s’
862 1791 1042 1823 extension
1058 1789 1099 1823 of
1112 1789 1213 1823 office
1226 1789 1373 1823 allowed

192 1838 228 1868 to
253 1835 395 1868 Cassius
419 1833 469 1876 by
493 1834 553 1866 the
578 1833 652 1867 Lex
675 1833 790 1866 Corne
804 1833 838 1865 ia
862 1832 925 1874 (iii.
951 1835 984 1866 6.
1008 1835 1031 1866 3
1047 1857 1058 1872 ‚
1080 1832 1148 1866 but
1170 1832 1242 1866 had
1265 1832 1374 1874 really

192 1876 360 1919 deprived
376 1876 518 1910 Cassius
536 1876 577 1909 of
594 1886 617 1909 a
638 1875 751 1909 whole
766 1876 880 1918 year's
902 1875 1013 1915 office,
1055 1877 1164 1918 aving
1184 1886 1289 1909 never
1302 1874 1372 1908 had

191 1931 264 1962 any
281 1920 376 1963 right
391 1923 428 1953 to
444 1919 530 1952 take
545 1929 594 1961 up
610 1919 671 1952 the
685 1919 851 1961 province
866 1921 904 1951 at
919 1917 978 1951 all.

240 1964 253 1984 ὓ
278 1964 345 2002 i.e.‚
364 1962 385 1976 “
401 1963 461 1995 the
477 1962 563 1995 wish
580 1963 609 1995 is
623 1961 740 1995 father
755 1964 792 1995 to
809 1954 869 1995 the
885 1959 1075 2004 thought.”

191 2019 269 2053 530
