1448 2236
696 63 897 104 CICERO

199 170 374 219 primum
396 170 502 218 ipsas
528 181 604 219 ego
630 168 770 206 Musas
794 182 1016 219 numquam
1039 172 1145 208 tanti
1167 175 1388 221 putassem,

199 228 326 273 atque
363 222 406 260 id
442 221 628 259 fecissem
669 222 797 260 Musis
836 223 1020 261 omnibus
1058 224 1388 274 approbantibus.

1407 0 1419 1 η

1444 272 1448 285 ..
1441 220 1448 257 ,ΑΔ
1443 197 1448 205 Δ,
1441 127 1448 172 m...
1422 0 1448 112 ..mm-a!

199 275 280 315 Sed
296 282 437 314 tamen
454 280 543 313 erat
559 281 702 326 aptum
717 275 986 314 bibliothecae
1003 277 1228 328 studiisque
1244 281 1387 316 nostris
1442 295 1443 298 ¹

198 342 437 381 congruens.
491 329 656 367 Bacchis
687 342 782 367 vero
814 329 884 367 ubi
916 335 979 368 est
1010 331 1119 381 apud
1150 344 1216 369 me
1247 331 1386 370 loeus?
1445 362 1448 367 .

199 384 258 422 At
292 382 518 434 pulchellae
554 388 662 421 sunt.
716 383 817 421 Novi
854 386 1021 434 optime,
1059 390 1102 422 et
1137 398 1260 435 saepe
1295 386 1388 423 vidi.

200 438 450 476 Nominatim
473 437 549 474 tibi
572 439 688 487 signa
710 437 807 474 mihi
831 443 930 475 nota
952 438 1221 484 mandassem,
1245 441 1278 476 si
1300 452 1389 490 pro·

199 491 373 529 bassem.
426 491 487 528 Ea
515 493 622 528 enim
648 493 763 542 signa
791 503 867 541 ego
895 504 1030 529 emere
1057 491 1180 538 soleo,
1206 505 1312 543 quae
1337 492 1389 530 ad
1439 498 1448 533 ’ἓ

199 544 503 582 similitudinem
565 546 865 595 gymnasiorum
929 551 1128 583 exornent
1189 545 1286 584 mihi
1348 548 1389 583 in
1443 567 1448 580 .-

197 598 401 650 palaestra
442 597 587 635 locum.
644 598 789 636 Martis
831 611 926 636 vero
968 601 1128 649 signum
1171 612 1250 649 quo
1292 599 1389 637 mihi
1444 605 1448 633 ἴ

199 655 308 703 pacis
354 653 541 690 auctori?
609 651 779 689 Gaudeo
824 651 979 689 nullum
1024 651 1186 690 Saturni
1231 655 1389 704 signum
1446 680 1448 682 -

198 706 336 744 fuisse.
400 705 514 743 Haec
548 707 655 743 enim
694 705 775 743 duo
812 708 927 757 signa
962 711 1151 757 putarem
1186 706 1284 746 mihi
1320 720 1388 745 aes
1440 703 1448 748 ξ

199 759 376 798 alienum
397 759 596 797 attulisse.
652 758 829 797 Mercuri
850 758 1013 797 mallem
1034 759 1198 810 aliquod
1217 759 1388 806 fuisset;
1444 776 1448 778 ·

198 813 367 859 felicius,
398 818 518 863 puto,
556 826 649 850 cum
686 813 856 850 Avianio
899 815 1124 864 transigere
1166 827 1388 864 possemus.
1445 822 1448 825 ⁴

161 872 181 904 3
200 867 321 915 Quod
361 867 436 904 tibi
477 866 701 904 destinaras
733 865 1026 916 τραπεζοφόρον,
1057 870 1089 905 si
1121 872 1164 905 te
1195 867 1388 913 delectat,
1420 898 1425 902 .

198 920 366 959 habebis
385 933 395 965 ;
428 923 490 958 sin
507 925 648 958 autem
667 922 914 957 sententiam
931 923 1114 966 mutasti,
1134 934 1210 972 ego
1228 921 1388 960 habebo

198 974 362 1012 scilicet.
417 974 503 1012 Ista
522 974 687 1024 quidem
706 987 863 1011 summa
881 987 934 1011 ne
955 987 1030 1025 ego
1049 974 1178 1012 multo
1197 974 1387 1013 libentius
1434 1002 1448 1005 »γ

200 1030 367 1066 emerim
394 1026 667 1066 deversorium
693 1027 946 1073 Tarracinae,
973 1040 1027 1065 ne
1053 1040 1214 1078 semper
1240 1028 1387 1079 hospiti

198 1082 391 1119 molestus
407 1084 495 1119 sim.
549 1081 725 1119 Omnino
736 1080 871 1118 liberti
883 1083 963 1118 mei
975 1081 1092 1119 video
1113 1094 1199 1119 esse
1214 1081 1388 1133 culpam,

198 1138 261 1174 cui
279 1135 399 1186 plane
417 1148 489 1173 res
498 1140 630 1173 certas
648 1135 883 1172 mandaram
901 1147 911 1179 ;
943 1137 1124 1186 itemque
1143 1135 1247 1181 Iuni,
1265 1148 1387 1186 quem

197 1195 298 1240 puto
321 1189 396 1227 tibi
419 1194 562 1227 notum
586 1201 688 1233 esse,
711 1189 856 1226 Aviani
879 1187 1131 1227 familiarem.
1184 1188 1387 1228 Exhedria

198 1242 400 1293 quaedam
417 1242 514 1279 mihi
532 1255 635 1280 nova
652 1247 747 1279 sunt
764 1244 952 1279 instituta
967 1244 1010 1279 in
1025 1242 1223 1292 porticula
1238 1243 1384 1281 Tuseu-
1444 1286 1448 1289 ¹

198 1296 292 1334 lani.
346 1296 407 1334 Ea
430 1295 616 1339 volebam
635 1295 794 1333 tabellis
814 1308 967 1334 ornare.
1022 1296 1201 1341 Etenim,
1228 1298 1262 1334 si
1290 1297 1384 1347 quid

197 1352 357 1402 generis
396 1349 622 1388 istiusmodi
660 1362 727 1387 me
765 1348 959 1395 delectat,
997 1351 1155 1400 pictura
1193 1348 1386 1388 delectat.

245 1504 260 1520 ⁰
283 1499 367 1532 This
378 1498 535 1540 explains
546 1498 600 1531 his
611 1498 631 1511 “
649 1497 789 1540 regular
799 1499 954 1550 practice
963 1497 983 1511 '⁹
994 1497 1145 1555 (φιφτη).
1173 1498 1230 1532 He
1239 1498 1301 1532 did
1310 1498 1386 1542 buy

200 1545 333 1576 statues
358 1545 420 1574 not
445 1541 600 1583 adapted
625 1541 681 1573 for
705 1552 727 1574 a
753 1541 775 1554 “
790 1551 1030 1583 gymnasium.
1081 1541 1146 1574 but
1170 1541 1221 1583 by
1246 1541 1268 1555 ‘⁶
1282 1552 1386 1584 gym-

201 1587 340 1636 nasium
356 1584 377 1598 ”
403 1584 448 1617 he
473 1595 595 1617 means
620 1595 642 1616 a
666 1584 767 1626 place
792 1584 907 1617 where
931 1584 1174 1626 philosopher-S
1200 1588 1272 1618 met
1295 1585 1386 1618 their

199 1627 646 1704 ‘'”J'lZ’aY-Zhiffdhga‘ss'ssd
659 1627 755 1703 2333
770 1627 1186 1712 f'sszfficssssffissffiffiss
1218 1670 1385 1713 Mercury

201 1725 273 1748 was
288 1714 349 1747 the
366 1713 447 1747 God
465 1713 504 1746 of
518 1713 621 1746 Good
639 1712 754 1745 Luck.

246 1762 259 1779 ⁰
281 1758 315 1790 A
330 1756 511 1798 table-leg,
530 1756 646 1790 which
668 1766 741 1789 was
763 1757 966 1789 sometimes
988 1767 1011 1788 a
1032 1756 1238 1799 sculptured
1258 1755 1382 1799 figure,

199 1811 239 1834 as
254 1801 334 1833 that
348 1801 390 1833 of
402 1799 534 1833 Chiron
550 1801 587 1832 in
603 1799 626 1832 J
627 1798 756 1855 uvenal
773 1798 836 1840 (iii.
854 1799 947 1841 305),
960 1803 981 1817 “
991 1798 1059 1832 sub
1069 1798 1196 1832 eodem
1207 1810 1383 1832 marmore

199 1844 274 1907 (ssl'e
283 1842 554 1919 wzzkss‘lgegfflglrff
561 1842 788 1918 ggdldnoften
806 1883 917 1925 spend
933 1895 955 1916 a
972 1883 1074 1927 night
1085 1894 1131 1916 on
1147 1883 1203 1918 his
1213 1883 1383 1927 journeys

198 1932 236 1963 to
251 1929 307 1962 his
322 1928 461 1962 Cuman
477 1928 549 1962 and
566 1928 760 1970 Pompeian
776 1930 915 1961 estates.

203 1981 252 2020 68
