1448 2236
661 63 862 103 CICERO

168 181 263 207 eum
278 168 472 206 frustrata
489 173 610 213 esset,
626 168 916 207 conscenderet
934 171 977 206 in
992 181 1114 208 naves
1132 175 1175 208 et
1195 169 1355 210 Italiam

167 228 343 274 peteret,
375 235 499 272 seque
531 235 623 258 cum
653 221 840 260 Antoniis
871 227 915 260 et
943 222 1105 273 reliquis
1135 223 1355 263 latronibus

168 279 446 327 coniungeret.
500 274 621 312 Cuius
638 277 696 312 rei
713 280 830 313 tanto
846 278 889 312 in
904 278 1049 314 timore
1066 276 1137 322 fui,
1155 283 1215 323 ut,
1232 281 1358 316 omni-

168 331 243 368 bus
260 330 380 367 rebus
397 328 559 373 relictis,
577 341 667 366 cum
684 329 937 379 paucioribus
955 335 998 368 et
1013 331 1232 369 minoribus
1248 334 1357 369 navi-

130 389 150 420 2
169 385 243 421 bus
267 383 319 421 ad
339 382 426 420 illas
447 385 505 419 ire
527 388 695 420 conatus
717 384 805 420 sim.
858 381 974 430 Quae
995 396 1072 428 res,
1094 386 1127 421 si
1149 397 1173 422 a
1194 383 1356 423 Rhodiis

169 451 250 474 non
272 449 401 474 essem
422 435 716 486 interpellatus,
738 434 909 474 fortasse
930 442 1018 474 tota
1040 437 1200 475 sublata
1221 444 1330 476 esset
1346 451 1356 483 ;

169 497 310 529 tamen
321 503 470 541 magna
483 502 534 527 ex
546 495 663 539 parte
676 489 890 540 profligata
902 495 965 528 est
982 502 993 535 ;
1019 491 1181 541 quando
1193 492 1357 542 quidem

170 545 303 582 elassis
332 544 526 593 dissipata
553 548 617 581 est
645 543 842 581 adventus
870 546 996 581 nostri
1023 546 1182 590 timore,
1209 545 1356 584 milites

170 599 374 648 ducesque
408 595 650 647 effugerunt,
684 599 890 634 onerariae
923 610 1061 635 omnes
1095 598 1147 636 ad
1180 611 1302 636 unam
1334 612 1359 637 a

171 653 284 690 nobis
316 656 411 689 sunt
443 656 654 700 exceptae.
708 649 830 688 Certe
861 649 987 700 (quod
1017 654 1194 690 maxime
1225 652 1357 704 timui)

172 706 309 743 videor
327 709 579 748 consecutus,
599 709 646 741 ut
665 716 745 741 non
764 706 890 754 possit
909 703 1122 742 Dolabella
1141 707 1183 742 in
1198 705 1358 743 Italiam

171 761 395 809 pervenire,
410 771 498 802 nec,
512 759 625 795 sociis
640 759 720 794 suis
734 756 915 802 firmatis,
929 757 1065 795 durius
1079 758 1189 796 vobis
1202 759 1359 797 efficere

132 819 152 850 3
172 815 395 864 negotium.
450 810 594 848 Rhodii
618 823 690 848 nos
715 816 759 848 et
782 810 1072 860 rempublicam
1096 824 1219 862 quam
1243 812 1358 851 valde

171 867 488 916 desperaverint,
501 877 551 902 ex
563 863 723 909 litteris,
735 876 835 914 quas
846 863 1004 914 publice
1016 867 1119 910 misi,
1131 878 1359 917 cognosces.

172 920 228 957 Et
253 919 418 970 quidem
443 917 571 955 multo
596 920 753 967 parcius
779 920 929 967 scripsi,
955 930 1078 968 quam
1102 931 1146 956 re
1171 931 1267 957 vera
1292 932 1359 958 eos

172 973 306 1011 furere
344 974 492 1009 inveni.
545 970 665 1018 Quod
702 983 796 1008 vero
835 970 985 1021 aliquid
1022 971 1074 1009 de
1112 971 1172 1011 his
1209 975 1360 1023 scripsi,

172 1029 309 1065 mirari
334 1025 427 1063 noli.
482 1024 589 1062 Mira
617 1030 679 1062 est
706 1037 844 1062 eorum
871 1027 1062 1062 amentia.
1115 1025 1201 1064 Nec
1226 1039 1360 1064 move-

172 1086 268 1118 runt
302 1078 386 1117 mel
415 1078 520 1116 ullae
547 1080 735 1128 privatim
767 1079 936 1116 iniuriae
964 1090 1185 1128 umquam3
1231 1079 1360 1118 malus

175 1137 330 1172 animus
351 1145 489 1170 eorum
506 1134 549 1168 in
567 1136 746 1169 nostram
764 1131 950 1176 salutem,
969 1132 1167 1182 cupiditas
1184 1135 1361 1183 partium

175 1187 356 1231 aliarum,
375 1187 676 1236 perseverantia
693 1187 735 1221 in
753 1187 1055 1235 contemptione
1074 1187 1216 1236 optimi
1233 1189 1362 1224 cuius-

175 1254 255 1292 que
278 1239 447 1278 ferenda
470 1239 568 1276 mihi
591 1251 672 1275 non
694 1237 785 1276 fuit.
839 1237 924 1276 Nec
947 1243 1087 1276 tamen
1110 1251 1249 1277 omnes
1271 1252 1363 1290 per-

175 1296 280 1333 ditos
307 1306 395 1331 esse
421 1298 549 1343 puto3
589 1292 661 1330 sed
685 1292 808 1330 iidem
832 1291 902 1336 illi,
928 1294 997 1342 qui
1021 1297 1111 1330 tum
1135 1291 1362 1343 fugientem

175 1354 335 1399 patrem
354 1359 504 1391 meum,
525 1347 593 1396 qui
613 1344 661 1383 L.
682 1344 915 1390 Lentulum,
935 1347 1004 1395 qui
1024 1343 1274 1395 Pompeium,
1293 1349 1362 1397 qui

176 1407 332 1439 ceteros
353 1403 455 1438 viros
475 1399 710 1437 clarissimos
730 1411 812 1436 non
829 1404 1084 1448 receperunt,
1103 1399 1240 1445 iidem,
1259 1405 1363 1438 tam-

177 1468 299 1506 quam
326 1453 459 1504 aliquo
485 1451 584 1497 fato,
611 1458 655 1490 et
680 1465 786 1490 nunc
812 1457 883 1490 aut
907 1454 1190 1503 magistratum
1215 1458 1364 1504 gerunt

178 1514 249 1546 aut
273 1520 354 1552 eOS,
378 1509 447 1557 qui
466 1511 561 1543 sunt
582 1508 625 1542 in
644 1508 899 1556 magistratu,
917 1507 960 1542 in
982 1518 1056 1543 sua
1073 1505 1228 1544 habent
1248 1511 1363 1557 pote-

226 1585 238 1605 ¹
264 1595 328 1618 nec
354 1587 539 1617 moverunt
566 1593 622 1615 me
646 1582 846 1624 Wesenberq
867 1582 968 1624 from
995 1593 1041 1616 an
1068 1582 1129 1616 old
1154 1584 1362 1618 correction:

182 1639 244 1662 nec
262 1639 318 1661 me
330 1639 431 1662 meae
447 1628 499 1662 M.

176 1698 269 1702 —--.
282 1693 932 1701 -————-—-—-——-———-
939 1694 1032 1699 ——.-

229 1734 243 1749 ‘²
268 1728 320 1761 M.
338 1728 514 1760 Antonius
530 1725 600 1759 and
617 1726 670 1759 his
686 1725 856 1763 brothers,
874 1724 986 1758 Gaius
1001 1724 1072 1758 and
1090 1725 1233 1758 Lucius.

229 1774 242 1793 ⁶
267 1771 368 1804 After
386 1769 578 1803 Pharsalia.

230 1820 242 1835 ⁰
267 1814 399 1847 Consul
415 1815 452 1846 in
467 1815 511 1846 49
530 1823 594 1845 mc.

228 1858 243 1877 ‘²
267 1858 380 1890 There
404 1857 433 1889 is
459 1866 506 1888 no
531 1855 706 1888 reference
731 1853 915 1887 elsewhere
940 1856 978 1886 to
1002 1853 1063 1887 the
1087 1853 1217 1887 refusal
1243 1853 1283 1887 of
1303 1855 1363 1888 the

183 1900 366 1934 Rhodians
385 1902 423 1932 to
441 1900 574 1931 receive
595 1898 765 1939 Pompey,
784 1896 933 1939 though,
953 1896 1144 1939 according
1162 1899 1199 1929 to
1218 1897 1361 1939 Appian

182 1943 285 1986 (BG.
303 1944 351 1975 iii.
369 1942 439 1983 83),
458 1941 625 1974 Rhodian
641 1942 798 1974 triremes
813 1939 1067 1982 accompanied
1083 1939 1158 1972 him
1173 1942 1212 1973 to
1227 1940 1360 1983 Egypt.

181 1998 254 2035 558
