1448 2236
710 52 911 92 CICERO

214 152 367 191 Romae
388 167 590 192 summum
611 158 739 194 otium
761 162 836 201 est,
858 157 931 195 sed
950 160 1022 202 ita,
1042 163 1090 196 ut
1110 157 1224 196 malis
1245 158 1404 197 salubre

214 228 376 279 aliquod
411 235 454 267 et
488 230 703 268 honestum
738 235 962 282 negotium,
997 233 1106 284 quod
1139 246 1256 284 spero
1289 232 1404 279 fore;

174 307 195 338 2
214 304 331 341 video
348 304 390 342 id
407 318 527 343 curae
547 319 634 344 esse
653 306 828 345 Caesari.
883 307 956 346 Me
973 310 1087 353 scito,
1105 307 1203 346 dum
1220 314 1267 346 tu
1285 309 1404 354 absi-⁰⁶,

214 381 327 429 quasi
364 383 613 418 occasionem
650 382 869 432 quamdam
906 388 949 420 et
983 383 1190 421 licentiam
1225 389 1403 428 nactum,

213 455 386 493 scribere
412 456 628 501 audacius;
669 462 712 495 et
736 463 873 495 cetera
898 458 1062 508 quidem
1086 457 1272 504 fortasse,
1298 472 1403 509 quae

214 532 338 567 etiam
362 535 409 568 tu
433 532 673 570 concederes
692 544 702 576 3
740 532 812 571 sed
835 536 1018 583 proxime
1042 536 1179 584 scripsi
1202 533 1248 571 de
1270 533 1404 584 optimo

209 618 342 656 genere
370 605 541 651 dicendi3
585 610 626 644 in
657 621 736 658 quo
767 621 888 659 saepe
919 611 1142 659 suspicatus
1173 622 1275 654 sum,
1305 614 1349 647 te
1380 622 1404 647 a

213 681 359 718 iudicio
378 687 528 727 nostro,
548 685 603 720 sic
622 683 787 728 scilicet,
807 689 854 721 ut
873 684 1038 722 doctum
1058 684 1262 722 hominem
1281 698 1305 722 a
1323 698 1403 722 non

213 756 389 802 indocto,
411 757 633 807 paullulum
654 758 860 797 dissidere.
914 759 1019 796 Huic
1040 765 1087 797 tu
1106 759 1207 797 libro
1227 762 1402 797 maxime

214 831 332 868 velim
358 845 409 870 ex
435 835 581 878 animo,
606 836 638 871 si
663 836 807 878 minus,
832 836 988 885 gratiae
1013 847 1146 879 causa,
1171 832 1402 886 suffragere.

213 905 358 944 Dicam
382 910 476 953 tuis,
501 914 547 946 ut
573 922 679 954 eum,
704 912 735 946 si
769 909 907 954 velint,
932 910 1162 948 describant
1194 910 1247 948 ad
1278 915 1403 961 teque

213 985 394 1021 mittant.
450 983 553 1021 Puto
586 987 707 1029 enim,
740 987 898 1023 etiamsi
930 998 1017 1023 rem
1047 987 1178 1022 minus
1209 985 1402 1035 probaris,

213 1063 352 1096 tamen
366 1061 408 1096 in
421 1061 500 1097 ista
514 1059 743 1105 solitudine,
759 1060 954 1111 quidquid
969 1074 993 1098 a
1006 1073 1072 1098 me
1091 1058 1318 1111 profectum
1336 1063 1403 1105 sit,

173 1138 194 1170 3
211 1134 430 1172 iucundum
477 1135 552 1172 tibi
598 1134 698 1173 fore.
751 1135 871 1182 Quod
916 1135 1015 1173 mihi
1061 1138 1402 1173 existimationem

212 1214 327 1246 tuam
364 1210 689 1261 dignitatemque
728 1211 999 1256 commendas,
1027 1209 1125 1249 facis
1153 1216 1200 1249 tu
1237 1210 1402 1262 quidem

213 1287 392 1322 omnium
429 1298 569 1330 more3
615 1286 687 1324 sed
718 1285 838 1324 velim
868 1288 924 1324 sic
956 1288 1175 1331 existimes,
1206 1299 1272 1323 me
1309 1299 1401 1324 cum

213 1359 351 1402 amori,
368 1370 489 1408 quem
504 1360 611 1396 inter
625 1371 697 1396 nos
712 1364 899 1396 mutuum
915 1371 1003 1396 esse
1017 1357 1266 1409 intellegam,
1281 1357 1401 1408 pluri-

212 1446 322 1469 mum
347 1433 537 1478 tribuam,
561 1439 650 1471 tum
674 1433 725 1471 de
749 1446 906 1471 summo
929 1435 1092 1484 ingenio
1116 1438 1160 1471 et
1183 1433 1234 1472 de
1258 1433 1400 1471 studiis

211 1509 292 1545 tuis
308 1510 470 1558 optimis
486 1513 530 1545 et
549 1508 600 1545 de
616 1521 688 1558 spe
705 1508 974 1558 amplissimae
994 1509 1204 1560 dignitatis
1222 1510 1282 1546 ita
1299 1508 1400 1546 iudi-

212 1595 318 1627 care,
336 1588 383 1620 ut
400 1586 603 1620 neminem
621 1584 695 1620 tibi
714 1590 973 1633 anteponam,
991 1596 1221 1634 comparem
1237 1595 1399 1634 paucos.

476 1746 491 1762 '⁸
514 1744 594 1781 viz..
619 1742 678 1774 the
696 1741 823 1775 Orator
837 1742 885 1775 ad
903 1741 956 1775 M.
971 1741 1136 1775 Brutum.

217 1981 293 2018 582
