1448 2236
635 66 835 106 CICERO

179 172 400 220 provincias
419 170 581 209 tradere
600 170 735 209 vellet.
787 170 1139 218 Quemadmodum
1157 169 1233 208 hoc
1251 168 1367 207 Pom-

179 226 293 275 peius
319 224 472 262 laturus
498 227 564 270 sit,
583 238 675 262 cum
704 238 890 276 cognoro,
909 222 1111 263 scribam.1
1163 223 1367 271 Quidnam

179 277 423 328 reipublicae
456 277 638 316 futurum
671 281 737 324 sit,
766 281 798 316 si
831 283 903 316 aut
939 280 1059 316 armis
1095 279 1258 315 resistat
1295 280 1367 313 aut

178 344 258 369 non
278 337 406 376 curet,
427 345 495 369 vos
514 344 631 370 senes
651 332 796 370 divites
815 332 1007 370 videritis.
1042 331 1093 379 Q.
1113 330 1367 374 Hortensius,

179 398 305 436 quum
323 385 394 423 has
414 385 571 424 litteras
590 388 740 436 scripsi,
761 388 937 424 animam
956 385 1119 436 agebat.

726 533 824 571 XIV

559 640 718 666 CAELIUS
747 639 930 665 CICERONI
956 639 989 666 S.

593 723 740 762 Romae,
757 733 863 756 A.u.c.
881 724 959 755 704.

142 813 158 845 l
228 807 349 847 Tanti
387 822 468 846 non
506 807 584 846 fuit
622 808 802 846 Arsacen
840 819 998 857 capere,
1027 803 1263 844 Seleuceam
1301 815 1370 841 ex-

177 874 374 913 pugnare,
391 867 438 899 ut
455 875 594 899 earum
609 874 757 906 rerum,
774 874 879 911 quae
896 860 959 898 hic
975 865 1118 910 gestae
1134 864 1243 904 sunt,
1258 869 1370 908 spec-

178 915 312 954 taculo
332 928 501 953 careres.
556 915 789 965 Numquam
807 914 883 951 tibi
902 913 1005 952 oculi
1023 911 1259 956 doluissent,
1278 913 1311 949 si
1327 912 1369 948 in

177 969 339 1020 repulsa
359 970 515 1007 Domiti
535 968 693 1007 vultum
713 968 892 1006 vidisses.
947 967 1102 1017 Magna
1121 965 1189 1003 illa
1208 965 1370 1003 comitia

178 1022 357 1068 fuerunt,
383 1029 426 1061 et
449 1023 570 1074 plane
594 1022 729 1061 studia
754 1035 805 1059 ex
829 1023 1007 1072 partium
1030 1030 1370 1069 sensu-apparue-

177 1082 273 1115 runt
292 1089 301 1122 ;
337 1079 529 1128 perpauci
550 1075 892 1114 necessitudinem
913 1076 1042 1112 secuti
1063 1073 1234 1112 officium
1254 1084 1370 1123 prae-

179 1133 385 1169 stiterunt.
441 1131 587 1181 Itaque
615 1130 713 1167 mihi
742 1135 806 1167 est
833 1129 1036 1166 Domitius
1063 1127 1369 1169 inimicissimus,

179 1190 226 1222 ut
246 1197 299 1222 ne
319 1184 557 1222 familiarem
579 1184 744 1234 quidem
764 1195 881 1220 suum
902 1194 1149 1233 quemquam
1168 1185 1255 1218 tam
1275 1178 1370 1217 ode·

179 1241 233 1277 rit
252 1251 374 1289 quam
393 1251 459 1275 me
478 1250 487 1283 3
517 1243 641 1288 atque
662 1250 709 1275 eo
729 1239 871 1287 magis,
887 1235 996 1286 quod
1008 1247 1082 1285 per
1095 1235 1281 1271 iniuriam
1295 1231 1369 1270 sibi

179 1297 301 1342 putat
325 1297 568 1342 auguratum
592 1296 793 1341 ereptum,
813 1292 924 1327 cuius
948 1301 1025 1340 ego
1048 1293 1188 1325 auctor
1209 1286 1367 1324 fuerim.

181 1345 298 1384 Nunc
337 1345 436 1383 furit
475 1350 562 1383 tam
601 1347 757 1396 gavisos
797 1343 980 1381 homines
1020 1355 1138 1380 suum
1177 1339 1369 1384 dolorem,

181 1413 389 1450 unumque
407 1398 492 1436 me2
506 1399 787 1436 studiosiorem
802 1397 968 1435 Antoni.
1024 1395 1130 1433 Nam
1145 1393 1218 1432 Cn.
1233 1392 1370 1430 Satur-

229 1477 241 1496 ¹
268 1477 335 1510 The
359 1481 427 1510 text
450 1477 527 1510 here
550 1477 582 1509 is
604 1476 763 1509 obscure:
787 1485 957 1517 cognoro,
982 1473 1138 1511 scribam
1159 1471 1192 1504 is
1215 1471 1269 1504 the
1291 1481 1371 1504 con-

178 1521 316 1563 jecture
336 1521 380 1562 of
401 1519 600 1561 Wesenberg]
615 1519 681 1561 sor
702 1528 920 1561 cognoscam
945 1541 954 1550 .
979 1541 988 1549 .
1014 1530 1045 1549 .=
1070 1516 1124 1548 the
1146 1514 1317 1548 insertion
1331 1512 1375 1555 os

185 1567 249 1596 aut
265 1565 374 1596 armis
390 1564 530 1596 resistat
546 1562 578 1595 is
593 1563 668 1595 also
685 1562 751 1594 due
767 1566 800 1594 to
817 1561 900 1593 him.

232 1606 245 1626 ²
267 1618 380 1639 unum
397 1616 579 1648 quemque
594 1605 699 1638 Klotz
714 1605 786 1637 and
805 1603 844 1636 0.
862 1603 904 1636 F.
921 1603 1115 1636 Hermann.

233 1697 249 1712 ⁰
272 1691 348 1724 The
373 1691 514 1723 famous
537 1693 665 1727 orator,
694 1690 782 1721 born
806 1690 841 1721 in
873 1690 949 1726 114,
974 1686 1047 1720 and
1074 1685 1247 1719 therefore
1273 1683 1371 1727 eight

188 1746 291 1777 years
306 1734 404 1767 older
417 1733 504 1766 than
521 1732 654 1766 Cicero.

235 1779 248 1799 ¹²
271 1778 347 1811 The
366 1788 471 1810 name
491 1776 530 1810 of
546 1776 606 1809 the
625 1775 701 1808 first
720 1774 782 1807 kin
829 1774 869 1806 of
884 1773 945 1807 the
965 1772 1164 1810 Parthians,
1183 1769 1271 1804 used
1289 1780 1328 1803 as
1348 1780 1371 1802 a

187 1821 263 1854 title
283 1821 333 1863 by
354 1820 401 1853 all
422 1820 638 1861 subsequent
658 1818 765 1860 kings
798 1817 872 1859 just
891 1827 931 1849 as
951 1816 1012 1849 the
1034 1815 1174 1848 Roman
1195 1823 1372 1856 emperors

188 1875 278 1897 were
298 1864 346 1896 all
366 1863 478 1896 called
500 1862 711 1904 Augustus).
757 1860 833 1893 The
855 1859 1024 1892 Parthian
1038 1857 1158 1900 king's
1173 1868 1252 1891 own
1267 1866 1372 1890 name

189 1917 261 1940 was
277 1906 426 1940 Orodes.

237 1953 249 1970 ⁰
273 1949 306 1982 A
325 1949 445 1983 Greek
462 1950 537 1991 city
554 1959 598 1982 on
618 1947 679 1981 the
696 1946 823 1989 Tigris,
842 1946 1003 1988 opposite
1021 1942 1225 1986 Ctesiphon.

193 2000 267 2040 166

1437 1841 1448 1884 ...1.
1438 1781 1448 1831 mn·
1446 1766 1448 1769 .
1441 1725 1448 1756 aa„
1439 1685 1448 1713 mn
1443 1648 1448 1662 ..
1438 1606 1448 1636 επ
