1448 2236
172 553 336 603 quidem
367 566 415 592 eo
446 556 588 605 magis,
618 568 699 606 quo
729 555 860 594 adhuc
890 554 1043 594 felicius
1073 569 1159 594 rem
1189 557 1362 607 gessisti,

171 623 269 661 dum
286 626 376 662 istic
395 627 485 669 eris,
503 625 555 663 de
573 624 666 663 belli
687 625 863 664 Parthici
879 625 1056 677 periculo
1073 626 1293 672 cruciabor,
1309 639 1362 664 ne

152 717 154 719 -
170 692 277 732 hunc
295 697 419 732 risum
433 708 570 733 meum
588 701 722 734 metus
737 695 860 748 aliqui
877 697 1104 747 perturbet.
1157 696 1362 735 Breviores

172 763 244 803 has
259 764 417 803 litteras
433 768 668 817 properanti
682 766 988 818 publicanorum
1003 766 1213 806 tabellario
1228 767 1361 805 subito

169 834 264 873 dedi
283 848 293 880 ;
346 841 418 874 tuo
456 835 602 875 liberto
639 836 820 888 pluribus
858 838 989 876 verbis
1027 840 1196 888 scriptas
1232 836 1360 888 pridie

131 909 152 942 2
170 905 377 944 dederam.
431 905 511 945 Res
531 912 672 945 autem
691 920 821 946 novae
842 907 977 946 nullae
997 921 1094 946 sane
1115 907 1360 954 acciderunt,

170 977 246 1014 nisi
270 975 371 1014 haec
396 978 455 1015 vis
480 977 555 1015 tibi
580 978 711 1023 scribi,
737 991 843 1029 quae
867 983 980 1017 certe
1004 980 1076 1017 vis.
1129 977 1359 1016 Cornificius

170 1045 406 1085 adulescens
435 1046 650 1086 Orestillae
681 1047 804 1086 filiam
834 1048 910 1086 sibi
940 1048 1169 1100 despondit.
1222 1047 1360 1086 Paulla

172 1115 343 1162 Valeria,
371 1131 480 1155 soror
506 1117 646 1164 Triari,
673 1118 888 1157 divortium
915 1121 1002 1157 sine
1027 1132 1162 1164 causa,
1188 1131 1268 1169 quo
1293 1117 1359 1157 die

170 1189 228 1224 vir
261 1200 284 1224 e
316 1190 519 1238 provincia
552 1194 744 1226 venturus
779 1194 880 1234 erat,
913 1188 1024 1227 fecit.
1078 1188 1265 1239 Nuptura
1297 1193 1359 1226 est

169 1256 222 1296 D.
244 1256 383 1296 Bruto.
438 1257 658 1296 Mundum1
677 1258 907 1296 rettulerat.
963 1258 1098 1297 Multa
1121 1261 1163 1296 in
1187 1258 1263 1297 hoc
1288 1270 1360 1309 ge·

170 1341 266 1366 nere
302 1327 563 1373 incredibilia,
600 1333 644 1366 te
680 1329 865 1375 absente,
902 1329 1147 1367 acciderunt.
1199 1324 1358 1366 Servius

170 1397 309 1436 Ocella
327 1400 478 1436 nemini
496 1401 763 1449 persuasisset
781 1412 825 1437 sc
843 1398 1054 1437 moechum
1077 1411 1178 1444 me,
1197 1401 1272 1437 nisi
1289 1400 1358 1436 tri-

168 1468 250 1507 duo
270 1469 331 1506 bis
353 1468 628 1519 deprehensus
644 1474 766 1508 esset.
819 1469 1015 1517 Quaeres,
1033 1469 1102 1507 ubi
1117 1469 1132 1507 ?
1174 1468 1255 1507 Ubi
1268 1468 1358 1506 her-

168 1538 257 1577 cule
271 1551 347 1590 ego
366 1541 532 1577 minime
544 1538 702 1577 vellem.
757 1539 955 1591 Relinquo
974 1539 1062 1585 tibi,
1075 1538 1183 1590 quod
1201 1538 1254 1577 ab
1271 1537 1358 1577 aliis

169 1621 352 1660 quaeras.
407 1608 550 1660 Neque
581 1612 688 1647 enim
718 1609 903 1660 displicet
931 1609 1043 1655 mihi,
1071 1611 1356 1660 imperatorem

168 1678 344 1730 singulos
362 1681 604 1729 percontari,
624 1692 716 1717 cum
735 1693 816 1730 qua
835 1682 889 1718 sit
907 1678 1050 1730 aliquis
1069 1678 1354 1729 deprehensus.

213 1779 227 1800 ¹
250 1779 517 1822 Pantayathus=
561 1780 720 1814 nondum
744 1780 928 1814 rettuleras
954 1781 1000 1814 M
1010 1795 1019 1815 ε
1064 1781 1225 1815 nondum
1248 1785 1354 1817 rettu-

671 58 873 98 CICERO

731 179 810 218 VII

555 299 715 325 CAELms
741 299 926 326 mcnnom
950 299 984 328 s.

588 390 736 430 Romae,
752 402 858 424 A.u.c.
876 394 954 425 704.

135 488 152 521 1
223 481 357 529 Quam
379 485 460 522 cito
482 489 530 522 tu
553 487 671 522 istinc
692 485 892 523 decedere
914 487 1065 536 cupias,
1087 488 1250 532 nesci03
1284 479 1362 537 ego

1432 1711 1448 1781 Ξ

1436 1784 1448 1806 r*

168 1823 277 1856 leram
293 1823 330 1866 (⁶⁶
346 1824 368 1856 Ι
381 1824 451 1857 had
466 1826 526 1857 not
541 1827 597 1866 yet
612 1824 746 1857 related
762 1825 792 1857 it
807 1824 845 1864 '')
865 1824 904 1858 Ο.
922 1824 965 1858 F.
984 1824 1177 1859 Hermann.
1436 1797 1448 1860 l

466 1957 481 1972 ⁰
504 1952 669 1985 Orestilla
684 1962 755 1985 was
771 1951 952 1986 Catiline’s
969 1952 1059 1986 wife.

177 2011 192 2044 l
201 2003 251 2043 26
