1448 2236
693 51 894 91 CICERO

194 155 461 200 intercedere,
481 155 590 206 quod
609 156 819 206 quosdam,
839 159 908 207 qui
927 156 1208 203 decernerent,
1227 157 1384 196 videret

153 221 174 254 3
192 216 332 254 confici
346 216 465 255 nolle.
520 217 639 265 Quod
654 218 706 256 ad
720 218 1011 269 rempublicam
1025 222 1190 266 attinet,
1204 222 1247 257 in
1261 233 1383 258 unam

190 291 354 317 causam
378 282 506 317 omnis
530 282 737 318 contentio
761 283 944 319 coniecta
969 286 1045 327 est,
1068 281 1121 320 de
1143 283 1382 333 provinciis;

190 342 231 378 in
268 354 391 392 quam
427 341 558 380 adhuc
594 343 822 381 incubuisse
858 356 951 381 cum
986 349 1132 382 senatu
1167 343 1383 395 Pompeius
1433 347 1436 384 ζ

189 403 364 449 videtur,
404 409 452 441 ut
492 403 640 442 Caesar
681 404 742 443 Id.
784 405 982 444 Novemb.
1023 405 1210 444 decedat.
1263 405 1382 444 Curio

190 468 325 503 omnia
339 468 474 516 potius
493 467 627 504 subire
647 470 859 505 constituit
879 481 1002 518 quam
1020 468 1062 506 id
1080 470 1181 518 pati.
1214 467 1381 506 Ceteras

188 540 280 565 suas
311 528 460 566 abiecit
491 531 684 567 actiones,
738 529 875 567 Nostri
904 543 1036 580 porro,
1068 543 1168 580 quos
1198 535 1246 568 tu
1276 530 1381 567 bene

188 593 307 635 nosti,
344 590 396 628 ad
433 596 662 628 extremum
697 597 905 629 certamen
940 605 1027 630 rem
1064 592 1266 630 deducere
1300 604 1382 630 non

187 652 354 690 audent.
407 651 536 690 Scena
550 655 609 691 rei
625 656 750 691 totius
766 654 867 692 haec
886 667 895 691 ε
925 653 1155 705 Pompeius,
1170 659 1381 705 tamquam

186 713 402 752 Caesarem
417 728 498 753 non
513 717 741 767 impugnet,
757 716 842 761 sed,
858 716 967 767 quod
985 715 1041 754 illi
1056 729 1233 767 aequum
1246 721 1382 767 putet,

185 779 421 822 constituat,
444 779 502 815 ait
524 777 739 816 Curionem
761 791 957 829 quaerere
979 778 1208 817 discordias.
1250 775 1377 816 Valde

184 844 325 877 autem
346 852 428 877 non
449 839 549 885 vult,
572 845 616 878 et
636 839 757 890 plane
779 842 913 886 timet,
936 840 1151 878 Caesarem
1173 839 1377 878 consulem

185 900 386 952 designari
415 904 523 952 prius
553 915 675 952 quam
705 905 929 940 exercitum
957 907 1001 940 et
1028 904 1274 953 provinciam
1296 907 1377 940 tra-

184 963 345 1002 diderit.
399 964 607 1013 Accipitur
624 967 720 1002 satis
737 964 843 1002 male
858 978 884 1002 a
900 964 1088 1010 Curione,
1105 969 1149 1003 et
1163 969 1274 1002 totus
1292 966 1376 1001 eius

184 1026 383 1064 secundus
416 1026 645 1064 consulatus
681 1029 926 1077 exagitatur.
980 1026 1068 1065 Hoc
1100 1026 1176 1064 tibi
1208 1026 1311 1072 dico,
1343 1027 1376 1063 si

184 1089 368 1126 omnibus
393 1089 514 1126 rebus
538 1094 727 1139 prement
753 1088 982 1134 Curionem,
1007 1087 1156 1126 Caesar
1180 1087 1376 1126 defendet

183 1152 519 1196 intercessorem3
561 1149 610 1188 sil
643 1151 769 1202 (quod
802 1151 1025 1200 evidenter)
1063 1149 1375 1195 reformidarint,

144 1218 166 1249 4
184 1211 332 1250 Caesar
349 1212 483 1263 quoad
499 1211 609 1251 volet
625 1213 820 1251 manebit.
875 1212 1009 1260 Quam
1026 1214 1196 1263 quisque
1212 1217 1374 1250 senten-

183 1277 283 1312 tiam
304 1274 467 1320 dixerit,
489 1268 840 1312 in'commentario
864 1280 927 1312 est
946 1287 1081 1312 rerum
1103 1274 1373 1319 urbanarum3

185 1350 235 1374 ex
255 1350 335 1387 quo
354 1342 414 1382 tu,
435 1350 540 1388 quae
559 1337 682 1387 digna
700 1342 808 1383 sunt,
828 1336 967 1387 selige.
1021 1335 1158 1374 Multa
1175 1338 1315 1381 transi,
1331 1337 1374 1373 in

183 1401 321 1449 primis
336 1399 523 1437 ludorum
538 1398 842 1449 expositiones‚²
861 1404 905 1437 et
923 1398 1125 1444 funerum,
1141 1403 1184 1436 et
1202 1399 1373 1448 ineptia-

183 1474 273 1498 rum
298 1467 539 1499 ceterarum.
578 1461 698 1499 Plura
730 1461 855 1499 habet
885 1460 1012 1499 utilia.
1050 1460 1240 1511 Denique
1267 1458 1372 1497 malo
1436 1485 1438 1487 ·

183 1525 226 1560 in
244 1522 347 1561 hanc
365 1529 526 1574 partem
547 1537 693 1568 errare,
707 1529 754 1561 ut
773 1536 878 1574 quae
897 1536 979 1561 non
996 1522 1201 1561 desideras
1219 1521 1372 1566 audias,
1439 1519 1441 1521 ’

183 1598 307 1636 quam
344 1585 580 1636 quidquam,
617 1585 727 1636 quod
762 1598 860 1636 opus
897 1590 974 1631 est,
1007 1586 1371 1636 praetermittatur.

233 1687 245 1707 ¹
272 1688 421 1730 Tyro-dl,
441 1687 629 1731 following]
656 1688 873 1730 Wesenbery:
905 1686 1137 1726 defendeturz
1170 1687 1373 1720 intercesso-
1442 1679 1448 1718 ἶ

188 1742 267 1764 rum
284 1733 313 1764 si
332 1731 385 1763 M.

232 1774 246 1793 ²
272 1774 408 1816 Tyrrell
423 1788 432 1807 ε
457 1773 675 1816 explosiones
691 1782 772 1806 uss.

235 1901 249 1916 ‘²
275 1897 317 1929 In
339 1899 382 1929 55
405 1907 483 1935 B.c.‚
505 1896 606 1929 when
629 1896 673 1929 he
694 1894 766 1928 and
788 1895 935 1928 Crassus
956 1894 1132 1937 proposed
1152 1894 1212 1927 the
1233 1893 1295 1927 bill
1316 1892 1371 1926 for

187 1939 402 1982 prolonging
417 1939 577 1972 Caesar's
592 1938 783 1972 command
798 1938 853 1971 for
869 1938 937 1971 five
953 1948 1066 1980 years.

194 1995 267 2030 158
