1448 2236
683 48 884 86 CICERO

183 154 378 204 potueris,
409 152 485 190 hoc
515 151 788 197 consolabere,
820 151 930 202 quod
958 164 1026 189 me
1057 151 1110 190 de
1140 155 1252 190 statu
1281 162 1374 188 meo

185 223 302 261 nullis
329 222 581 260 contumeliis
609 222 817 260 deterrere
842 227 1024 272 possunt.
1077 220 1211 259 Pridie
1237 220 1373 258 Nonas

186 293 332 339 Maias,
353 306 403 331 ex
421 295 576 339 castris,
595 294 663 330 exl
681 292 826 330 finibus
845 291 1175 331 Statiellensium.

720 487 803 525 XII

372 603 417 629 M.
445 604 584 629 CICERO
611 603 643 628 S.
671 603 711 628 D.
739 603 869 629 BRUTO
898 603 984 628 IMP.
1012 602 1092 628 COS.
1118 601 1204 628 DES.

600 693 747 732 Romae,
764 703 870 727 A.u.c.
887 695 965 726 ¹711.

148 774 165 807 1
239 770 337 808 Tres
357 784 437 808 uno
456 770 523 808 die
542 783 567 807 a
585 775 629 807 te
648 772 786 820 accepi
806 769 997 819 epistulas
1012 782 1022 814 ;
1051 781 1173 806 unam
1195 767 1374 810 brevem,

185 854 308 891 quam
343 840 485 879 Flacco
519 840 732 879 Volumnio
767 840 937 878 dederas
955 852 965 884 3
1013 839 1114 877 duas
1147 837 1347 889 pleniores
1364 848 1373 880 ;

186 924 358 962 quarum
383 911 555 948 alteram
581 910 814 949 tabellarius
836 910 883 948 T.
907 910 997 947 Vibi
1024 908 1177 953 attulit,
1205 907 1374 945 alteram

185 981 238 1019 ad
262 994 330 1019 me
354 984 464 1019 misit
490 981 642 1031 Lupus.
693 981 757 1018 Ex
781 982 863 1018 tuis
887 979 1033 1018 litteris
1060 985 1103 1018 et
1129 992 1180 1017 ex
1205 978 1375 1016 Graecei

185 1054 367 1090 oratione
385 1065 467 1090 non
484 1051 604 1090 modo
622 1064 705 1089 non
720 1053 961 1089 restinctum
977 1049 1143 1095 bellum,
1161 1047 1232 1087 sed
1251 1050 1375 1086 etiam

184 1121 480 1160 inflammatum
507 1122 680 1160 videtur.
740 1121 832 1159 Non
859 1121 1002 1159 dubito
1029 1126 1183 1165 autem,
1202 1132 1277 1170 pro
1302 1123 1376 1157 tua

184 1192 375 1244 singulari
425 1193 656 1243 prudentia,
709 1194 807 1243 quin
856 1193 1088 1242 perspicias,
1139 1192 1173 1228 si
1224 1188 1376 1240 aliquid

185 1263 385 1301 firmitatis
399 1269 543 1301 nactus
557 1265 610 1301 sit
624 1263 840 1308 Antonius,
855 1264 990 1300 omnia
1004 1266 1077 1299 tua
1090 1260 1158 1298 illa
1170 1258 1376 1311 praeclara

184 1336 226 1370 in
243 1334 533 1384 rempublicam
551 1335 698 1371 merita
715 1332 769 1371 ad
785 1332 955 1370 nihilum
965 1344 1062 1370 >esse
1079 1336 1265 1369 ventura.
1310 1329 1376 1366 Ita

187 1407 294 1442 enim
310 1404 481 1442 Romam
495 1409 584 1442 erat
595 1406 841 1448 nuntiatum,
853 1405 912 1440 ita
923 1415 1162 1453 persuasum
1177 1400 1375 1444 omnibus,

184 1488 277 1512 cum
302 1477 439 1525 paucis
465 1477 642 1520 inermis,
667 1476 894 1524 perterritis
919 1478 1048 1518 metu,
1073 1471 1202 1509 fracto
1228 1472 1375 1514 animo,
1444 1510 1448 1511 ⁷

146 1549 167 1581 2
185 1544 337 1596 fugisse
357 1545 595 1582 Antonium.
642 1544 723 1592 Qui
743 1546 776 1582 si
797 1546 856 1581 ita
876 1556 920 1581 se
940 1542 1080 1588 habet,
1102 1547 1161 1586 ut,
1183 1539 1375 1592 quemad·
1446 1583 1448 1586 ¹

185 1615 351 1653 modum
373 1615 590 1653 audiebam
611 1614 664 1652 de
687 1613 897 1658 Graeceio,
921 1612 1081 1664 confligi
1103 1625 1196 1650 cum
1219 1623 1268 1649 eo
1289 1612 1375 1648 sine
1442 1616 1448 1630 ²

185 1685 362 1736 periculo
388 1698 470 1723 non
494 1687 634 1735 possit,
660 1697 742 1722 non
766 1683 834 1721 ille
860 1683 958 1721 mihi
983 1680 1145 1734 fugisse
1161 1694 1186 1718 a
1213 1680 1376 1718 Mutina

187 1756 361 1801 videtur,
391 1755 464 1794 sed
493 1755 625 1793 locum
654 1754 749 1792 belli
779 1753 948 1806 gerendi
978 1758 1171 1791 mutasse.
1229 1750 1376 1800 Itaque

188 1825 369 1863 homines
397 1825 463 1862 alii
489 1824 587 1863 facti
615 1830 737 1869 sunt3
778 1823 957 1861 nonnulli
986 1825 1111 1861 etiam
1138 1825 1375 1873 queruntur,

482 1927 494 1948 ¹
517 1929 674 1961 Inserted
689 1928 731 1970 by
752 1926 960 1969 Wesenberq.

190 1986 266 2020 458
