1448 2236
681 76 882 117 CICERO

741 214 799 252 IV

295 331 336 358 D.
363 332 516 359 BRUTUS
544 333 631 359 IMP.
659 334 738 359 COS.
766 334 921 361 DESIGN.
949 335 981 361 S.
1008 336 1048 362 D.
1076 336 1260 363 CICERONI

477 422 519 455 In
537 422 654 456 Gallia
670 422 860 466 Cisalpina,
877 435 983 458 A.u.c.
1002 427 1078 459 710.

141 501 159 535 1
232 496 274 535 Si
293 497 345 535 de
364 503 437 536 tua
455 500 498 536 in
519 512 587 536 me
605 499 816 538 voluntate
845 500 1088 547 dubitarem,
1107 502 1243 540 multis
1271 515 1298 540 a
1324 507 1369 541 te

178 551 310 589 verbis
335 557 536 602 peterem,
563 558 610 591 ut
636 553 880 605 dignitatem
906 568 1041 593 meam
1066 560 1256 602 tuerere3
1296 556 1370 595 sed

176 605 360 655 profecto
381 611 443 644 est
461 609 533 652 ita,
552 612 600 645 ut
618 607 714 645 mihi
733 611 928 658 persuasi,
946 622 1013 647 me
1032 609 1107 647 tibi
1127 622 1215 648 esse
1233 623 1366 648 curae.

177 657 416 710 Progressus
438 673 527 698 sum
548 660 602 699 ad
624 660 827 712 Inalpinos
849 675 942 700 cum
963 665 1158 709 exercitu,
1180 676 1262 702 non
1281 669 1367 702 tam
1385 668 1391 674 '

176 725 325 750 nomen
338 715 644 764 imperatorium
657 721 839 766 captans,
855 729 978 767 quam
991 719 1157 767 cupiens
1172 717 1366 756 militibus

176 765 410 805 satisfacere
447 767 664 820 firmosque
703 782 770 807 eos
807 769 861 808 ad
898 770 1071 809 tuendas
1108 775 1265 810 nostras
1300 783 1366 809 res

131 827 153 858 2
170 820 342 858 efficere.
396 820 517 869 Quod
534 822 633 860 mihi
646 823 784 861 videor
803 829 1065 870 consecutum
1092 837 1188 862 nam
1206 830 1251 863 et
1267 824 1366 863 libe-

173 873 380 912 ralitatem
407 881 601 921 nostram,
630 882 674 914 et
700 879 880 914 animum
908 883 1004 915 sunt
1031 880 1203 928 experti.
1262 877 1365 916 Cum

174 930 353 965 omnium
380 928 687 968 bellicosissimis
715 930 866 968 bellum
894 933 1014 982 gessi,
1041 931 1172 970 multa
1199 931 1365 970 castella

172 983 276 1031 cepi,
308 981 439 1019 multa
470 985 637 1022 vastavi.
697 983 789 1022 Non
821 987 907 1022 sine
939 998 1060 1023 causa
1091 985 1146 1024 ad
1176 991 1364 1024 senatum

172 1034 329 1072 litteras
351 1037 454 1074 misi.
502 1036 662 1075 Adiuva
683 1051 755 1075 nos
777 1043 850 1076 tua
871 1041 1101 1084 sententia;
1138 1039 1247 1089 quod
1271 1053 1364 1077 cum

172 1087 310 1135 facies,
323 1101 374 1127 ex
388 1102 538 1141 magna
551 1097 669 1141 parte
684 1094 886 1129 communi
900 1092 1110 1131 commodo
1124 1095 1361 1131 inservieris.

749 1259 785 1298 V

355 1373 401 1399 M.
429 1375 567 1400 CICERO
595 1375 626 1401 S.
655 1376 694 1401 D.
723 1376 853 1402 BRUTO
881 1376 967 1402 ῙΜΡ.
995 1377 1074 1402 COS.
1102 1377 1188 1403 DES.

584 1465 730 1505 Romae,
747 1477 853 1500 ΛΑΜ).
871 1469 948 1500 710.

130 1544 148 1577 1
222 1539 360 1590 Lupus
379 1539 584 1579 familiaris
604 1548 755 1588 noster,
768 1556 859 1580 cum
878 1556 903 1580 a
921 1549 965 1581 te
980 1546 1170 1589 venisset,
1182 1557 1356 1596 cumque

168 1592 321 1631 Romae
343 1595 538 1645 quosdam
558 1595 644 1633 dies
665 1602 994 1643 commoraretur,
1017 1610 1093 1649 ego
1116 1610 1227 1636 eram
1246 1601 1288 1636 in
1308 1600 1356 1636 iis

167 1646 275 1692 locis,
293 1650 335 1684 in
354 1649 498 1699 quibus
516 1652 693 1687 maxime
711 1655 802 1688 tuto
821 1663 887 1688 me
908 1664 995 1688 esse
1013 1652 1252 1690 arbitrabar.
1295 1652 1356 1690 Eo

215 1737 230 1753 ⁰
254 1732 355 1775 They
370 1733 461 1767 lived
478 1735 514 1767 in
530 1735 590 1768 the
607 1735 753 1768 modern
771 1735 957 1770 Piedmont
972 1736 1044 1769 and
1061 1736 1191 1779 Savoy.

216 1774 230 1795 ⁶
253 1776 316 1815 Or,
335 1777 504 1820 possibly,
523 1777 544 1791 “
561 1789 622 1820 my
639 1779 849 1817 intention‚”
867 1780 921 1812 ia.
940 1782 977 1812 to
995 1780 1114 1813 attach
1132 1780 1229 1813 them
1246 1783 1284 1814 to
1301 1780 1355 1814 his

167 1828 431 1904 cal‘²¹Sl3robably
445 1863 505 1896 the
522 1863 560 1897 P.
581 1863 734 1897 Rutilius
753 1864 875 1906 Lupus
892 1864 971 1897 who
986 1875 1058 1898 was
1080 1865 1221 1898 tribune
1236 1867 1278 1898 of
1294 1865 1354 1899 the

166 1903 266 1946 plebs
287 1906 324 1938 in
345 1908 401 1944 56,
423 1905 495 1939 and
516 1917 581 1948 pro
607 1906 691 1940 osed
713 1907 791 1940 that
813 1907 975 1950 Ptolemy
996 1907 1140 1942 Auletes
1161 1908 1287 1942 should
1309 1908 1354 1942 be

166 1947 320 1983 restored
335 1947 387 1994 by
404 1948 563 1992 Pompey
594 1951 615 1983 i.
637 1953 666 1983 1.
683 1950 731 1991 3).

166 2002 244 2038 438
