1448 2236
659 85 861 125 CICERO

164 192 374 238 potestate
401 190 536 226 omnia
562 194 658 228 sunt
684 190 776 242 (nisi
803 189 908 229 forte
935 190 978 229 id
1003 193 1135 242 ipsum
1162 204 1250 231 esse
1276 205 1357 230 non

165 241 339 293 debuit),
371 242 443 280 sed
473 241 552 280 alia
582 255 691 288 casu,
723 243 800 281 alia
832 246 956 282 etiam
986 251 1124 283 nostra
1154 245 1272 296 culpa
1301 248 1356 284 sie

166 294 413 341 acciderunt,
450 301 497 334 ut
531 296 584 334 de
620 299 851 346 praeteritis
886 311 968 336 non
1003 301 1055 336 sit
1091 298 1356 350 querendum.

166 348 379 399 Reliquam
421 362 536 399 spem
579 349 730 388 nullam
771 351 902 389 video.
955 351 1092 399 Quare
1133 352 1187 390 ad
1227 355 1356 402 prima

165 402 302 440 redeo.
355 402 570 453 Sapienter
583 403 684 442 haec
696 403 907 455 reliquisti,
920 407 954 443 si
966 405 1128 443 consilio
1147 418 1157 451 ;
1171 405 1356 452 feliciter,

165 468 199 493 Sl
216 468 325 495 casu.
366 480 371 487 ·

692 578 831 615 XXIX

470 676 612 701 CURIUS
639 675 686 702 M.
713 677 898 702 CICERONI
925 677 996 703 SUO
1021 676 1056 705 8.

602 750 726 789 Patris,
743 761 849 783 A.U.c.
868 753 945 784 709.

217 816 408 863 S.V.b.e.;
452 831 542 856 sum
580 819 687 855 enim
726 818 864 868 χρήσει
899 818 967 867 μὲν
1004 823 1112 864 tuus,
1147 819 1278 869 κτήσει
1318 817 1356 856 δέ

167 871 295 909 Attici
332 873 471 909 nostri.
539 871 647 922 Ergo
683 870 837 909 fructus
875 877 939 910 est
971 877 1079 918 tuus,
1111 874 1355 924 mancipium

166 924 298 970 illius;
342 925 452 975 quod
485 925 650 975 quidem
683 927 716 963 si
749 927 857 963 inter
889 938 1006 963 senes
1040 925 1354 977 coemptionales

166 978 309 1016 venale
345 980 636 1029 proscripserit,
671 981 801 1029 egerit
837 992 918 1017 non
954 978 1141 1017 multum.
1194 980 1252 1018 At
1287 979 1354 1017 illa

166 1037 304 1070 nostra
321 1031 570 1082 praedicatio
590 1035 732 1083 quanti
753 1037 829 1078 est,
848 1045 934 1078 nos,
954 1032 1064 1083 quod
1089 1035 1225 1078 simus,
1245 1033 1354 1084 quod

166 1084 402 1131 habeamus,
445 1085 554 1136 quod
594 1084 776 1124 homines
819 1088 1111 1132 existimemur,
1151 1085 1194 1125 id
1234 1099 1354 1124 omne

166 1139 238 1177 abs
270 1145 315 1177 te
348 1139 526 1177 habere!
580 1138 731 1187 Quare,
757 1139 895 1177 Cicero
920 1141 990 1185 mi,
1016 1152 1231 1190 persevera
1262 1153 1354 1178 con-

165 1198 324 1231 stanter
363 1206 435 1230 nos
474 1205 710 1230 conservare
751 1198 795 1231 et
836 1192 984 1243 Sulpici
1025 1196 1241 1231 successori
1282 1206 1354 1231 nos

165 1246 218 1285 de
247 1246 413 1284 meliore
442 1251 540 1284 nota
568 1246 820 1292 commenda,
840 1260 920 1297 quo
948 1246 1103 1285 facilius
1131 1249 1211 1284 tuis
1238 1259 1354 1297 prae-

165 1302 294 1350 ceptis
319 1301 603 1350 obtemperare
626 1302 837 1350 possimus,
862 1305 987 1351 teque
1011 1299 1065 1338 ad
1088 1313 1159 1338 ver
1181 1299 1353 1338 libentes

165 1353 302 1392 videre
321 1359 364 1392 et
381 1359 519 1392 nostra
535 1353 706 1404 refigere
723 1353 1020 1404 deportareque
1038 1359 1129 1391 tuto
1145 1356 1353 1404 possimus.

127 1413 147 1444 2
166 1406 260 1453 Sed,
305 1410 433 1445 amice
478 1420 640 1458 magne,
685 1406 765 1445 noli
809 1406 912 1445 hanc
957 1406 1172 1458 epistulam
1214 1407 1353 1445 Attico

165 1461 409 1506 ostendere3
458 1463 543 1499 sine
578 1473 672 1498 eum
706 1473 839 1498 errare
873 1465 916 1499 et
947 1466 1093 1511 putare
1126 1473 1193 1499 me
1224 1462 1353 1498 virum

164 1515 316 1552 bonum
336 1527 437 1559 esse,
455 1527 530 1552 nec
549 1514 676 1552 solere
695 1514 774 1552 duo
792 1516 969 1564 parietes
987 1514 1040 1552 de
1059 1513 1204 1553 eadem
1221 1513 1357 1552 fidelia

211 1629 228 1646 ⁸
249 1624 364 1658 These
378 1634 439 1657 are
454 1623 515 1657 the
536 1623 643 1656 Latin
659 1623 878 1666 equivalents
894 1623 934 1657 of
946 1624 1007 1656 the
1023 1623 1142 1657 Greek
1157 1627 1277 1661 terms,
1291 1623 1352 1656 the

167 1667 299 1700 former
321 1667 429 1709 being
447 1670 652 1709 temporary
669 1670 793 1700 tenure
812 1678 851 1700 or
873 1666 1051 1700 leasehold
1070 1666 1111 1700 of
1131 1677 1154 1699 a
1172 1669 1351 1708 property,

168 1710 349 1752 involving
370 1710 431 1743 the
450 1709 654 1752 enjoyment
675 1709 716 1742 of
734 1710 795 1742 the
817 1709 972 1752 produce
989 1709 1090 1752 (uem
1105 1709 1276 1752 fructus),
1290 1709 1351 1742 the

167 1753 271 1787 latter
301 1753 462 1787 absolute
492 1754 690 1795 possession
723 1754 758 1785 in
780 1752 988 1794 see-simple.
1048 1752 1106 1795 C'f.
1138 1752 1351 1786 Lucretius's

167 1797 308 1830 famous
326 1797 396 1830 line
414 1797 553 1838 vitaque
570 1796 747 1837 mancipio
763 1795 860 1828 nulli
878 1796 997 1835 datur,
1015 1795 1173 1828 omnibus
1189 1806 1268 1828 usu.

214 1841 227 1861 δ
253 1840 322 1873 Put
347 1851 396 1882 up
422 1839 478 1872 for
504 1839 577 1873 sale
602 1842 665 1872 not
690 1838 900 1880 separately,
927 1838 992 1871 but
1018 1840 1054 1871 in
1079 1849 1103 1871 a
1128 1837 1202 1876 lotz
1241 1838 1351 1871 hence

167 1883 444 1925 coemptionales.

215 1930 228 1947 ⁶
255 1926 399 1959 Manius
417 1925 552 1959 Acilius
571 1924 729 1963 Glabrio,
749 1924 828 1957 who
846 1925 882 1957 in
900 1926 944 1958 48
963 1923 1155 1957 succeeded
1173 1923 1351 1966 Sulpicius

167 1979 208 2002 as
222 1979 396 2011 governor
411 1969 452 2002 of
464 1969 613 2007 Achaia,
630 1968 746 2002 where
761 1967 889 2001 Curius
905 1968 934 2000 is
951 1978 1032 2002 now
1046 1968 1204 2010 staying.

171 2023 220 2058 84

1437 1589 1448 1622 ἲ]
