1448 2236
689 47 892 87 CICERO

193 154 356 193 Deinde
383 153 515 192 multa
541 153 595 193 de
623 153 733 192 facto
762 167 809 191 ac
838 154 891 192 de
918 166 965 193 re
991 159 1111 205 gesta
1139 159 1240 200 tua3
1284 153 1384 193 nihil

192 229 530 282 magnificentius,
541 228 643 267 ‘nihil
654 228 898 280 praeclarius
913 234 1050 267 actum
1063 241 1271 280 umquam,
1285 228 1382 267 nihil

192 305 438 357 reipublicae
455 305 682 343 salutarius.
735 305 876 356 Atque
892 304 995 343 haec
1011 318 1093 343 una
1109 318 1188 343 vox
1204 306 1384 351 omnium

154 389 175 419 4
194 388 269 420 est.
323 382 361 419 A
376 387 420 419 te
436 386 576 419 autem
589 386 702 431 peto,
718 386 766 419 ut
779 393 847 418 me
861 379 966 418 hanc
981 382 1095 431 quasi
1111 379 1255 418 falsam
1269 380 1384 418 here-

194 457 368 495 ditatem
392 456 547 495 alienae
570 456 722 507 gloriae
745 457 851 494 sinas
873 469 1054 502 cernere,
1076 468 1226 506 meque
1250 455 1386 506 aliqua

193 546 244 571 ex
257 537 375 583 parte
390 534 433 570 in
446 533 686 570 societatem
701 537 864 569 tuarum
878 530 1045 569 laudum
1058 533 1197 569 venire
1211 531 1383 581 patiare.

192 608 464 658 Quamquam,
488 609 545 644 mi
570 606 784 645 Dolabella
808 606 926 658 (haec
951 608 1059 644 enim
1084 608 1238 644 iocatus
1264 604 1384 656 sum),

192 684 383 722 libentius
411 695 551 721 omnes
577 694 704 727 meaS,
731 683 765 720 si
791 681 912 720 modo
940 686 1036 719 sunt
1064 680 1224 732 aliquae
1251 692 1384 724 meae,

192 759 333 797 laudes
365 758 419 797 ad
448 763 494 796 te
524 756 827 802 transfuderim,
859 769 983 808 quam
1016 756 1192 806 aliquam
1223 760 1386 806 partem

195 834 449 872 exhauserim
469 845 520 871 ex
539 834 633 870 tuis.
687 831 793 869 Nam
811 845 905 869 cum
918 836 962 869 te
977 843 1137 881 semper
1151 835 1314 868 tantum
1328 829 1388 868 di·
1426 826 1432 886 J

193 910 376 955 lexerim,
392 914 591 960 quantum
606 914 653 946 tu
667 907 908 958 intellegere
924 908 1109 958 potuisti,
1124 911 1214 945 tum
1228 905 1290 944 his
1307 907 1387 944 tuis

194 985 311 1024 factis
338 987 394 1024 sic
420 987 606 1022 incensus
633 997 736 1029 sum,
764 989 811 1021 ut
838 982 937 1020 nihil
963 995 1158 1034 umquam
1183 983 1226 1019 in
1252 993 1388 1019 amore

194 1061 319 1100 fuerit
338 1061 558 1099 ardentius.
612 1059 722 1097 Nihil
741 1064 805 1097 est
824 1061 947 1105 enim,
965 1058 1065 1096 mihi
1084 1057 1219 1103 crede,
1237 1059 1389 1095 virtute

157 1144 178 1175 5
196 1137 422 1182 formosius,
449 1135 548 1174 nihil
575 1134 793 1186 pulchrius,
820 1134 919 1171 nihil
946 1133 1169 1171 amabilius.
1221 1132 1391 1183 Semper

198 1215 343 1258 amavi,
375 1217 422 1250 ut
453 1213 543 1256 scis,
577 1209 639 1248 M.
671 1209 843 1248 Brutum
873 1214 1042 1260 propter
1073 1210 1157 1247 eius
1189 1220 1391 1246 summum

197 1289 421 1339 ingenium,
440 1287 693 1324 suavissimos
712 1297 859 1330 mores,
879 1283 1125 1334 singularem
1142 1283 1391 1334 probitatem

199 1369 324 1415 atque
359 1363 644 1419 constantiam.
696 1359 853 1397 Tamen
889 1359 993 1397 Idib.
1032 1358 1193 1396 Martiis
1228 1362 1392 1395 tantum

198 1440 367 1477 accessit
384 1436 438 1475 ad
454 1419 646 1481 amorem,
664 1440 711 1473 ut
727 1436 909 1480 mirarer,
925 1434 1058 1473 locum
1074 1431 1198 1471 fuisse
1215 1431 1391 1484 augendi

197 1516 240 1551 in
262 1526 325 1558 eo,
348 1512 458 1564 quod
477 1511 578 1548 mihi
599 1510 840 1561 iampridem
862 1508 1113 1547 cumulatum
1136 1509 1261 1546 etiam
1281 1506 1391 1545 vide-
1428 1531 1431 1554 3

197 1589 331 1628 batur.
372 1587 472 1635 Quis
488 1592 591 1632 erat,
606 1588 675 1637 qui
688 1590 870 1636 putaret,
885 1584 938 1623 ad
953 1597 1047 1622 eum
1062 1596 1254 1629 amorem,
1267 1595 1390 1634 quem

200 1678 298 1716 erga
317 1669 362 1703 te
383 1663 600 1708 habebam,
620 1674 740 1712 posse
762 1660 914 1711 aliquid
935 1659 1128 1698 accedere
1146 1659 1161 1696 ?
1213 1658 1390 1696 Tantum

200 1742 382 1785 accessit,
406 1744 454 1777 ut
476 1737 576 1775 mihi
598 1750 706 1775 nunc
730 1736 907 1786 denique
933 1747 1069 1772 amare
1092 1733 1244 1778 videar,
1269 1738 1392 1771 antea

161 1821 182 1852 6
200 1815 403 1853 dilexisse.
457 1813 593 1861 Quare
621 1812 720 1863 quid
748 1816 825 1856 est,
853 1810 962 1861 quod
990 1822 1067 1861 ego
1094 1814 1139 1847 te
1165 1808 1316 1853 horter,
1343 1812 1391 1845 ut
1432 1824 1434 1826 ·

201 1890 393 1941 dignitati
424 1893 468 1927 et
497 1887 649 1939 gloriae
679 1886 862 1924 servias?
906 1897 1130 1937 proponam
1160 1883 1235 1921 tibi
1265 1881 1392 1920 claros

208 1997 283 2032 228
