1430 2242
581 65 780 104 CICERO

90 173 199 211 domi
213 177 342 214 meae,
356 167 520 207 litterae
535 168 632 207 mihi
648 169 797 207 dantur
811 183 837 207 a
851 175 909 216 te,
925 171 1069 221 quibus
1084 173 1127 208 in
1142 177 1273 210 extre-

90 234 166 269 mis
184 228 375 278 seriptum
395 233 483 266 erat
501 241 510 265 ι
544 227 606 266 Μ.
624 227 780 280 Rufum,
798 243 905 281 quem
924 229 1014 268 mihi
1031 231 1273 277 commendas,

91 291 152 330 vel
175 295 291 339 *egem
320 287 470 325 Galliae
484 286 651 339 faciam,
673 288 733 326 vel
757 289 852 327 hunc
876 288 1015 341 Leptae
1039 290 1181 342 delega.
1233 291 1275 330 Si

91 351 161 397 vis,
190 355 227 388 tu
253 347 304 386 ad
334 360 390 385 me
421 347 534 385 alium
567 348 677 393 mitte,
708 362 815 400 quem
845 361 981 388 ornem.
1034 349 1274 390 Sustulimus

91 424 234 449 manus
263 412 300 447 et
329 420 405 458 ego
434 412 477 445 et
503 407 665 446 Balbus.
717 408 850 446 Tanta
875 408 954 447 fuit
981 413 1274 460 opportunitas,

92 477 140 509 ut
174 470 271 508 illud
300 469 434 504 nescio
469 467 578 518 quod
613 481 694 505 non
727 467 954 514 fortuitum,
990 470 1062 508 sed
1096 470 1273 509 divinum

90 531 309 569 videretur.
359 526 484 564 Mitto
507 529 631 577 igitur
654 528 707 565 ad
729 533 773 565 te
796 528 1045 579 Trebatium,
1068 534 1194 580 atque
1216 533 1275 569 ita

92 594 227 634 mitto,
248 594 295 627 ut
315 588 422 626 initio
443 599 536 624 mea
556 592 715 637 sponte,
735 593 829 638 post
849 593 989 626 autem
1009 591 1182 627 invitatu
1203 595 1275 629 tuo

53 657 74 689 3
91 649 339 688 mittendum
372 648 563 686 duxerim.
618 646 750 692 Hunc,
783 649 839 684 mi
873 647 1033 693 Caesar,
1066 651 1122 687 sic
1154 649 1273 688 velim

93 712 202 748 omni
224 714 297 746 tua
320 710 505 745 comitate
528 705 811 756 complectare,
834 712 882 744 ut
903 709 1050 753 omnia,
1074 721 1178 759 quae
1200 722 1270 760 per

93 783 159 808 me
179 771 304 820 possis
325 767 484 812 adduci,
508 771 544 804 at
563 768 605 802 in
624 779 735 803 meos
756 765 937 804 conferre
956 766 1067 813 velis,
1087 770 1129 806 in
1149 782 1273 807 unum

92 830 199 869 hunc
228 827 422 866 conferas.
477 827 540 865 De
564 838 643 876 quo
672 826 747 864 tibi
775 825 937 864 homine
965 826 1066 865 haec
1094 828 1272 879 spondeo

93 904 174 928 non
190 888 257 926 illo
274 893 413 926 vetere
431 879 553 924 verbo
563 898 667 930 me0,
686 885 794 936 quod
810 899 902 924 cum
918 886 972 925 ad
988 892 1031 924 te
1048 887 1100 926 de
1120 888 1273 927 Milone

94 951 351 999 scripsissem,
369 949 455 984 iure
472 946 607 989 lusizti,
625 945 698 983 sed
714 958 825 983 more
844 944 1038 992 Romano,
1057 959 1136 997 quo
1154 949 1272 987 modo

94 1010 275 1048 homines
294 1020 375 1044 non
393 1009 521 1056 inepti
540 1006 750 1056 loquuntur
767 1017 777 1050 ;
809 1005 1036 1055 probiorem
1054 1006 1272 1054 hominem,

95 1068 303 1107 meliorem
332 1069 474 1110 virum,
503 1065 778 1116 pudent'mem
810 1077 896 1102 esse
927 1068 1143 1105 neminem.
1196 1068 1273 1106 Ac·

95 1129 204 1167 cedit
233 1129 370 1171 etiam,
396 1125 505 1176 quod
531 1124 725 1162 familiam
751 1124 853 1163 {imit
878 1127 919 1173 in
943 1127 1030 1162 iure
1055 1125 1171 1171 civili,
1196 1130 1273 1165 sin-

95 1188 224 1240 gulari
256 1188 463 1230 memoria,
492 1198 649 1222 summa
677 1187 857 1222 scientia.
912 1185 1007 1222 hur:
1037 1198 1112 1236 ego
1139 1199 1272 1238 neque

95 1249 362 1290 tribunatum,
386 1257 519 1295 neque
538 1243 852 1295 praefecturam,
872 1257 1005 1294 neque
1020 1244 1273 1292 uitidsv’oene-

96 1308 159 1346 fici
193 1312 349 1344 certum
382 1317 531 1342 nomen
562 1309 688 1354 peto3
735 1303 1060 1342 benevolentiam
1093 1310 1207 1360 tuam
1240 1301 1282 1345 ἒι

95 1365 382 1405 liberalitatem
412 1369 538 1414 peto3
583 1375 716 1413 neque
746 1363 938 1413 impedio,
967 1375 1046 1414 quo
1077 1363 1221 1410 misius,
1249 1368 1282 1404 si

96 1428 170 1466 tibi
201 1429 260 1464 ita
288 1424 499 1475 placuerit,
531 1426 655 1483 etiam
685 1422 793 1460 hisce
825 1436 919 1460 eum
949 1436 1065 1461 ornes
1095 1423 1282 1474 gloriolae

96 1485 345 1537 insignibus3
387 1489 521 1521 totum
549 1483 724 1533 denique
752 1482 956 1520 hominem
982 1483 1057 1521 tibi
1083 1486 1142 1521 ita
1169 1485 1283 1525 trado

96 1547 148 1585 de
168 1558 291 1583 manu
310 1544 374 1595 (ut
392 1542 522 1593 aiunt)
542 1544 584 1579 in
602 1556 767 1580 manum
787 1547 900 1579 tuam
919 1545 1040 1580 istam
1059 1548 1102 1580 et
1120 1545 1283 1583 victoria

98 1611 142 1644 et
189 1605 269 1643 fide
317 1607 608 1654 praestantem.
662 1600 806 1639 Sumus
858 1604 964 1639 enim
1012 1602 1283 1652 putidiusculi‚

148 1739 163 1754 ⁰
186 1734 262 1766 The
279 1743 384 1765 name
406 1732 434 1764 is
457 1741 478 1763 a
502 1741 596 1763 mere
618 1729 827 1772 conjecture,
848 1729 908 1762 the
931 1732 1004 1762 text
1027 1729 1135 1773 being
1156 1731 1282 1774 utterly

102 1781 404 1852 cognffftterwards
419 1815 571 1850 Cicero's
580 1815 779 1857 praefectus
785 1813 933 1857 fabrum
947 1816 983 1847 in
1000 1814 1133 1848 Cilicia.

108 1872 110 1875 ·
149 1867 161 1883 ⁰
186 1861 364 1903 Probably
391 1871 488 1893 some
514 1859 600 1892 such
627 1858 755 1900 phrase
781 1868 819 1890 as
847 1858 947 1898 fraqi
973 1868 1013 1890 or
1038 1858 1142 1891 bonae
1165 1859 1284 1900 fra-qi,

100 1906 215 1983 tvgilich
228 1902 590 1990 vffisspgfimentionally
599 1900 786 1944 employed
796 1902 832 1933 in
839 1893 962 1964 letters
972 1900 1012 1933 of
1020 1903 1284 1935 recommenda-

107 2006 157 2038 24
