1448 2236
681 61 882 101 CICERO

730 215 828 254 XIV

320 323 366 349 M.
393 323 431 351 T.
458 323 493 350 C.
520 322 553 350 S.
580 324 617 349 P.
645 324 685 349 D.
713 324 754 350 D.
781 323 911 350 BRUTO
938 323 1027 350 nss’.
1053 323 1133 349 COS.
1160 322 1246 350 Dns.

597 405 744 446 Romae,
762 417 867 440 A.u.c.
885 409 962 440 711.

142 495 161 529 1
233 490 490 536 Mirabiliter,
506 493 562 528 mi
578 490 718 536 Brute,
733 490 877 537 laetor,
893 503 986 529 mea
1001 491 1163 529 consilia
1178 502 1371 541 measque

181 547 406 582 sententias
435 558 460 581 a
488 550 532 583 te
561 545 722 594 probari
751 545 804 583 de
833 545 1082 591 decemviris,
1111 544 1163 583 de
1193 543 1370 583 ornando

180 598 452 636 adolescente.
501 597 583 636 Sed
606 598 703 649 quid
724 598 884 637 refert?
936 598 1040 636 Mihi
1062 598 1196 644 crede,
1219 598 1369 636 homini

180 665 262 690 non
297 651 468 704 glorioso
486 664 496 697 3
541 652 663 703 plane
700 655 794 698 iam,
831 652 970 698 Brute,
1006 651 1136 703 frigeo
1154 664 1164 698 ;
1208 652 1370 703 ὄργανον

182 709 290 743 enim
321 711 410 744 erat
439 719 577 744 meum
607 711 799 752 senatus3
844 706 886 744 id
916 711 979 744 est
1008 708 1089 743 iam
1119 705 1370 744 dissolutum.

179 760 355 797 Tantam
371 773 485 810 spem
501 760 698 798 attulerat
714 759 948 810 exploratae
963 762 1154 799 victoriae
1168 765 1241 798 tua
1254 771 1370 810 prae-

178 813 286 851 clara
308 813 472 851 Mutina
494 816 666 864 eruptio,
687 812 786 865 fuga
807 814 974 858 Antoni,
995 815 1152 851 conciso
1174 815 1369 858 exercitu,

180 873 227 905 ut
250 870 429 905 omnium
452 869 575 904 animi
598 867 768 918 relaxati
793 870 886 912 sint,
910 879 1109 918 meaeque
1131 866 1224 904 illae
1247 865 1368 904 vehe-

177 926 337 959 mentes
367 923 647 959 contentiones
681 926 891 972 tamquam
924 919 1158 970 σκιαμαχίαι
1192 932 1280 958 esse
1311 922 1368 958 vi-

141 982 162 1014 2
179 974 367 1012 deantur.
418 974 512 1019 Sed,
528 980 574 1012 ut
589 973 642 1012 ad
656 987 743 1012 rem
757 973 937 1020 redeam,
951 974 1154 1026 legionem
1175 973 1368 1011 Martiam

178 1034 222 1066 et
243 1028 442 1076 Quartam
464 1034 630 1079 negant,
653 1031 722 1079 qui
743 1028 828 1066 illas
851 1033 1012 1073 norunt,
1035 1027 1116 1065 ulla
1136 1027 1368 1066 condicione

179 1082 233 1120 ad
247 1087 290 1120 te
306 1094 424 1132 posse
438 1081 618 1132 perduci.
661 1081 876 1128 Pecuniae,
892 1095 1015 1132 quam
1031 1081 1249 1126 desideras,
1263 1083 1368 1119 ratio

178 1141 317 1186 potest
330 1136 484 1181 haberi,
499 1149 629 1186 eaque
642 1135 872 1174 habebitur.
912 1136 978 1174 De
990 1135 1116 1173 Bruto
1130 1134 1368 1175 arcessendo

180 1189 435 1241 Caesareque
453 1189 507 1227 ad
525 1189 669 1227 Italiae
686 1189 931 1240 praesidium
948 1188 1141 1234 tenendo,
1158 1187 1277 1226 valde
1293 1188 1368 1226 tibi

179 1246 389 1281 assentior.
434 1243 528 1288 Sed,
547 1249 595 1281 ut
613 1244 763 1288 scribis,
782 1243 907 1281 habes
927 1243 1221 1281 obtrectatores
1239 1253 1249 1287 ;
1268 1254 1367 1292 quos
1431 1245 1435 1247 “

181 1297 371 1349 equidem
397 1296 585 1334 facillime
613 1299 820 1342 sustine03
862 1296 934 1334 sed
961 1296 1189 1347 impediunt
1215 1300 1368 1334 tamen.

142 1357 160 1389 3
180 1352 242 1388 Ex
270 1350 408 1389 Africa
434 1350 614 1402 legiones
643 1356 943 1401 exspectantur.
996 1349 1078 1388 Sed
1102 1349 1254 1387 bellum
1279 1351 1369 1387 istic

179 1410 368 1443 renatum
386 1407 583 1442 mirantur
602 1404 796 1442 homines.
843 1403 952 1441 Nihil
969 1409 1056 1441 tam
1072 1408 1237 1454 praeter
1254 1415 1368 1453 spem

234 1521 250 1535 ‘²
271 1516 355 1549 This
377 1515 476 1549 letter
497 1517 525 1548 is
548 1515 727 1557 evidently
748 1526 795 1548 an
818 1526 952 1548 answer
973 1518 1011 1548 to
1031 1514 1126 1557 Epp.
1148 1514 1195 1547 xi.
1222 1515 1274 1552 19,
1297 1512 1368 1546 and

186 1561 300 1635 &⁶3⁴2
323 1603 523 1635 committee
546 1603 587 1634 of
605 1604 665 1634 ten
689 1604 725 1634 to
749 1602 956 1643 investigate
978 1600 1039 1634 the
1061 1603 1135 1633 acts
1158 1601 1200 1633 of
1221 1599 1368 1641 Antony

181 1645 312 1688 during
333 1645 386 1677 his
407 1644 621 1686 consulship,
642 1643 714 1676 and
735 1643 964 1686 particularly
984 1643 1038 1676 his
1058 1654 1121 1676 use
1146 1643 1188 1676 of
1209 1642 1368 1676 Caesar’s

181 1689 416 1722 memoranda.

235 1737 247 1753 ⁶
272 1731 301 1764 G
322 1756 330 1764 .
347 1733 392 1764 xi.
413 1733 464 1763 19.
485 1733 514 1763 1.

233 1774 249 1794 ‘³
273 1731 379 1807 “sshe
396 1773 618 1816 republicans
633 1772 703 1806 had
720 1783 742 1805 a
768 1771 891 1815 pealed
906 1772 962 1805 for
983 1771 1042 1805 aid
1063 1775 1101 1805 to
1122 1772 1213 1805 their
1234 1771 1367 1805 officers

185 1817 439 1859 commanding
468 1818 505 1850 in
530 1817 654 1849 Africa
679 1827 725 1848 an
778 1815 1001 1854 Macedonia,
1028 1814 1099 1848 and
1127 1818 1195 1848 two
1221 1814 1368 1847 African

187 1861 321 1903 legions
358 1871 458 1893 came
487 1863 525 1892 to
556 1859 680 1898 Rome,
711 1859 776 1892 but
805 1857 1057 1901 subsequently
1086 1860 1178 1891 went
1213 1868 1296 1891 over
1330 1860 1367 1890 to
1407 1879 1410 1881 -

187 1904 373 1937 Octavian.
425 1902 477 1935 M.
496 1903 637 1941 Brutus,
653 1902 733 1935 who
747 1900 982 1944 disapproved
997 1902 1038 1934 of
1055 1900 1206 1934 Cicero's
1220 1899 1367 1933 alliance

186 1947 272 1980 with
303 1946 489 1984 Octavian,
526 1956 598 1979 was
628 1945 703 1978 also
732 1945 854 1978 biased
890 1944 941 1987 by
969 1944 1024 1977 his
1059 1945 1253 1977 connexion
1281 1941 1364 1976 with
1407 1974 1412 1980 .

180 1997 258 2037 466
