1430 2242
624 37 823 76 CICERO

132 141 367 179 Stabianam
394 139 635 191 perforando
659 138 906 191 patefecistil
933 139 1113 179 scenam²
1138 153 1212 192 per
1248 154 1316 180 eos

133 196 219 234 dies
245 197 448 233 matutina
472 199 657 244 tempora
678 192 979 244 spectiunculis⁸
997 198 1315 245 consumpseris3

133 262 225 287 cum
249 248 305 286 illi
330 251 499 294 interea,
526 250 594 299 qui
619 253 663 285 te
688 250 777 285 istic
801 247 1061 298 reliquerant,
1086 254 1317 299 spectarent

133 315 365 340 communes
390 304 531 339 mimos
556 303 798 339 semisomni.
851 300 1040 352 Reliquas
1063 314 1158 340 vero
1180 307 1317 352 partes

132 356 213 394 diei
232 361 279 394 tu
296 355 558 394 consumebas
577 354 637 392 his
655 354 1004 400 delectationibus,
1023 368 1122 406 quas
1140 356 1215 394 tibi
1231 358 1316 406 ipse

134 410 187 448 ad
210 410 420 447 arbitrium
443 414 560 446 tuum
585 420 864 458 compararas3
902 409 1015 446 nobis
1038 414 1179 447 autem
1203 415 1318 447 erant

135 477 184 501 ea
196 462 477 514 perpetienda,
492 475 597 513 quae
612 462 763 500 scilicet
776 461 845 512 Sp.
861 461 1043 500 Maecius
1055 462 1318 513 probavisset.

95 523 116 554 2
135 517 324 562 Omnino,
351 519 384 555 si
412 518 584 567 quaeris,
610 515 694 554 ludi
720 517 1027 566 apparatissimi,
1054 515 1126 554 sed
1152 529 1234 554 non
1258 518 1319 554 tui

136 570 359 615 stomachi3
404 572 676 608 coniecturam
707 571 814 607 enim
843 567 946 607 facio
975 569 1028 607 de
1057 582 1162 607 meo.
1216 568 1320 608 Nam

135 627 310 675 primum
336 623 495 662 honoris
522 636 642 661 causa
667 625 708 660 in
736 635 898 660 scenam
923 623 1128 661 redierant
1153 625 1194 668 ii,
1221 636 1320 674 quos

137 691 213 729 ego
250 678 409 716 honoris
443 690 563 715 causa
596 677 648 715 de
682 689 801 714 scena
834 676 1051 714 decessisse
1084 676 1320 715 arbitrabar.

138 731 317 770 Deliciae
347 744 441 768 vero
471 736 582 775 tuae,
612 735 750 768 noster
779 730 976 780 Aesopus,
1007 730 1201 768 eiusmodi
1229 729 1320 776 fuit,
1369 736 1373 738 “

138 791 184 823 ut
206 789 242 823 ei
264 785 449 823 desinere
469 797 542 835 per
563 796 702 822 omnes
722 783 904 821 homines
924 782 1077 822 liceret.
1131 783 1171 821 Is
1191 786 1321 822 iurare

137 853 230 878 cum
249 841 462 888 coepisset,
482 851 560 875 vox
582 850 676 875 eum
696 836 846 874 defecit
866 839 909 874 in
928 836 994 875 illo
1014 836 1115 883 loco,
1135 848 1171 874 ει
1190 849 1321 875 scmus

138 905 270 931 FALLo.
324 892 433 939 Quid
471 892 546 929 tibi
586 903 660 942 ego
699 890 777 927 alia
815 890 1007 928 narrem?
1060 890 1175 928 Nosti
1215 893 1322 928 enim

137 946 311 997 reliquos
334 945 448 984 ludos
466 957 476 990 ;
514 945 642 995 quid?
681 956 732 982 ne
755 944 797 982 id
819 944 984 994 quidem
1004 943 1151 994 leporis
1172 943 1323 983 habue-

138 1005 247 1045 runt,
273 999 382 1050 quod
407 998 538 1036 solent
563 998 783 1036 mediocres
808 997 905 1035 ludi.
958 997 1189 1048 Apparatus
1216 1000 1323 1044 enim

139 1055 337 1104 spectatio
367 1052 538 1090 tollebat
568 1064 730 1089 omnem
759 1050 1019 1096 hilaritatem,
1049 1046 1130 1102 quo
1160 1050 1323 1102 quidem

140 1112 339 1157 apparatu
353 1119 435 1150 non
450 1105 605 1158 dubito,
622 1107 719 1155 quin
735 1106 867 1142 animo
882 1104 1123 1155 aequissimo
1136 1107 1323 1142 carueris.

141 1161 250 1208 Quid
287 1162 393 1198 enim
429 1158 708 1197 delectationis
745 1157 899 1196 habent
934 1160 1115 1196 sexcenti
1150 1157 1248 1195 muli
1282 1160 1324 1195 in

124 1209 432 1266 ”Clytaemnestra
450 1213 465 1250 ?
502 1217 575 1250 aut
596 1214 638 1249 in
659 1211 769 1262 Equo
796 1210 959 1248 Troiano
979 1216 1227 1250 craterarum
1247 1214 1325 1249 tria

146 1268 283 1306 milia?
320 1272 391 1304 aut
407 1271 611 1304 armatura
629 1268 737 1302 varia
755 1265 962 1314 peditatus
986 1269 1029 1302 et
1055 1267 1260 1315 equitatus
1283 1267 1324 1303 in

190 1353 203 1373 ¹
228 1353 343 1386 Reid:
367 1351 554 1394 perforasti
568 1354 603 1384 et
619 1361 654 1393 p.
670 1359 752 1383 uss.

191 1396 204 1415 ²
227 1396 412 1429 Benedict:
436 1394 651 1428 Stabianum
673 1404 798 1427 senum
819 1393 943 1427 vodda
973 1392 1186 1426 Stabianum
1209 1394 1324 1426 sinum

146 1440 253 1473 Bootz
280 1440 459 1472 Misenum
474 1437 676 1470 Lambinus.

191 1483 205 1502 ³
229 1482 356 1516 Klotz:
381 1481 599 1515 lectiunculis
615 1488 696 1512 uss.

193 1580 208 1595 ⁰
232 1574 354 1607 Either
371 1575 406 1606 in
423 1573 483 1606 the
500 1572 579 1605 wall
596 1572 635 1605 of
648 1572 708 1606 the
724 1572 834 1605 house
850 1571 900 1614 by
917 1572 1086 1614 inserting
1100 1581 1124 1604 a
1139 1581 1216 1604 new
1232 1581 1328 1605 case-

149 1621 257 1656 ment,
274 1628 314 1650 or
329 1617 379 1659 by
394 1616 491 1649 fellin
533 1619 634 1648 trees.

195 1662 209 1682 ¹³
233 1661 285 1693 As
302 1660 346 1693 he
360 1659 479 1692 would
566 1657 716 1700 looking
735 1657 843 1697 S.W.‚
859 1657 921 1690 the
942 1657 1109 1699 morning
1127 1666 1195 1690 sun
1210 1656 1328 1690 would

150 1707 213 1738 not
228 1703 274 1736 be
289 1704 326 1736 in
342 1702 396 1736 his
413 1712 508 1744 eyes.

198 1753 210 1768 ⁰
234 1746 383 1788 Spurius
423 1745 582 1778 Maecius
618 1743 748 1785 Tarpa,
786 1743 903 1776 whom
941 1742 1100 1784 Pompey
1136 1753 1183 1784 ap
1209 1741 1328 1776 ointed

150 1790 295 1823 licenser
319 1788 360 1822 of
380 1788 550 1830 plays—a
575 1789 647 1820 sort
671 1786 711 1819 of
734 1786 829 1819 Lord
854 1785 1114 1819 chamberlain.
1186 1784 1222 1827 f.
1237 1785 1327 1819 Hor.

195 1877 211 1896 α
233 1875 285 1908 To
301 1875 439 1908 honour
455 1873 624 1915 Pompey.

197 1924 210 1940 ⁸
233 1918 308 1951 The
333 1921 433 1960 great
457 1918 571 1959 trag-ic
595 1919 692 1948 actor
716 1917 754 1948 at
784 1915 908 1953 Rome,
933 1924 974 1947 as
1000 1913 1148 1947 Roscius
1173 1923 1245 1947 was
1270 1914 1330 1948 the

153 1975 180 2009 4
