1448 2236
685 61 887 102 OICERO

187 170 392 214 praestem
410 177 420 210 ;
452 168 762 217 pecuniamque,
781 180 903 218 quam
921 170 1140 206 maximam
1158 172 1314 221 potero,
1333 172 1377 207 et

188 241 310 279 quam
338 229 546 268 celerrime
573 243 716 282 cogam
744 232 1010 283 omnibusque
1037 245 1129 270 cum
1155 233 1376 270 rationibus

187 293 240 330 ad
261 306 329 331 vos
351 296 527 332 mittam.
580 293 621 332 Si
649 308 882 345 percurrero
902 298 1147 346 provinciam
1168 301 1212 334 et
1232 309 1377 347 cogno-

187 370 295 403 vero,
315 360 382 408 qui
403 359 517 396 nobis
544 364 587 396 et
609 359 853 409 reipublicae
876 359 998 398 fidem
1021 357 1317 410 praestiterint1
1336 363 1377 397 in

186 423 460 460 conservanda
479 426 651 473 pecunia
666 438 689 461 a
703 437 770 462 me
785 424 984 475 deposita,
999 427 1149 477 quique
1163 422 1378 462 scelerate²

186 485 292 523 ultro
314 485 547 525 deferentes
569 491 784 538 pecuniam
805 489 1008 539 publicam
1030 488 1106 526 hoc
1125 500 1294 526 munere
1316 500 1376 526 so·

186 552 380 588 cietatem
409 550 631 590 facinorum
662 566 754 590 cum
785 552 998 591 Dolabella
1025 555 1202 598 inierint,
1231 551 1377 590 faciam

186 627 254 652 vos
281 618 485 654 certiores.
540 616 605 654 De
632 618 791 668 quibus,
818 619 851 655 si
877 617 988 655 vobis
1015 617 1231 662 videbitur,
1257 617 1304 661 si,
1330 620 1378 654 ut

186 682 320 717 meriti
357 686 466 726 sunt,
498 683 677 732 graviter
712 684 1016 727 constitueritis,
1053 694 1207 732 nosque
1243 685 1378 719 vestra

187 747 429 783 auctoritate
463 744 729 791 firmaveritis,
762 744 916 784 facilius
950 751 994 784 et
1024 745 1180 796 reliqua
1211 746 1375 796 exigere

186 809 413 859 vectigalia,
455 815 498 848 et
539 815 685 848 exacta
724 823 884 848 servare
923 812 1159 860 poterimus.
1211 808 1377 847 Interea

186 884 266 923 quo
299 874 546 911 commodius
581 874 794 926 vectigalia
826 876 933 912 tueri
965 876 1290 924 provinciamque
1324 872 1376 910 ab

185 938 330 974 iniuria
367 937 588 976 defendere
625 941 789 989 possim,
826 939 1070 989 praesidium
1107 939 1376 975 necessarium

147 1005 168 1037 7
187 1001 538 1054 voluntariumque
589 1005 830 1053 comparavi.
883 1002 957 1041 His
1007 1002 1154 1041 litteris
1205 1002 1375 1051 scriptis,

186 1065 335 1104 milites
364 1069 522 1104 circiter
549 1079 653 1112 xxx„
688 1081 787 1118 quos
822 1066 1034 1105 Dolabella
1072 1079 1123 1104 ex
1155 1066 1253 1104 Asia
1285 1077 1376 1102 con-

186 1132 414 1180 scripserat,
431 1144 453 1169 e
468 1131 584 1183 Syria
597 1130 802 1183 fugientes
815 1135 858 1169 in
874 1130 1153 1183 Pamphyliam
1164 1133 1376 1168 venerunt.

187 1193 242 1231 Hi
274 1198 564 1234 nuntiaverunt
597 1196 851 1234 Dolabellam
883 1195 1166 1240 Antiocheam,
1199 1206 1304 1245 quae
1333 1195 1376 1230 in

186 1257 302 1310 Syria
325 1265 402 1307 est,
425 1263 581 1299 venisse
600 1272 610 1305 3
647 1274 728 1298 non
749 1266 961 1311 receptum
983 1265 1174 1298 conatum
1197 1271 1284 1296 esse
1307 1256 1376 1295 ali-

186 1326 346 1374 quoties
360 1327 398 1361 vi
410 1326 576 1363 introire
595 1337 604 1370 3
632 1324 838 1375 repulsum
850 1338 1012 1375 semper
1023 1337 1111 1363 esse
1124 1336 1217 1361 cum
1228 1333 1376 1372 magno

187 1400 259 1425 suo
306 1389 552 1427 detrimento
571 1402 581 1434 ;
632 1392 772 1440 itaque
810 1395 976 1427 centum
1012 1390 1169 1427 circiter
1209 1388 1375 1430 amissis,

188 1454 318 1503 aegris
334 1453 496 1498 relictis,
513 1460 636 1492 noctu
651 1453 880 1492 Antiochea
893 1452 1118 1504 profugisse
1135 1451 1376 1489 Laodiceam

188 1529 324 1555 versus
343 1529 352 1561 ;
389 1530 438 1555 ea
458 1523 578 1555 nocte
600 1531 739 1556 omnes
760 1517 846 1556 fere
867 1518 1066 1555 Asiaticos
1085 1515 1234 1554 milites
1255 1515 1307 1552 ab
1327 1526 1376 1551 eo

188 1580 430 1627 discessisse,
450 1594 502 1619 ex
517 1581 577 1619 his
593 1582 646 1620 ad
660 1584 915 1633 octingentos
931 1580 1200 1619 Antiocheam
1211 1579 1375 1617 rediisse

190 1650 234 1683 et
249 1658 294 1683 se
312 1648 359 1683 iis
383 1645 610 1691 tradidisse,
633 1648 703 1696 qui
727 1659 752 1683 a
774 1645 910 1683 Cassio
933 1645 1062 1683 relicti
1081 1644 1167 1682 urbi
1188 1643 1243 1681 illi
1261 1654 1376 1693 prae-

189 1715 320 1755 erant,
340 1715 497 1748 ceteros
516 1723 589 1760 per
612 1709 816 1747 Amanum
835 1711 878 1746 in
897 1708 1075 1746 Ciliciam
1094 1707 1375 1751 descendisse3
1435 1706 1448 1750 j*

326 1828 341 1849 ¹
368 1828 590 1870 Wesenbery:
622 1830 870 1871 praestiterunt
894 1852 903 1860 .
930 1851 939 1860 .
966 1851 974 1860 .
999 1829 1152 1861 inierunt
1169 1835 1252 1861 uss.

522 1871 537 1892 ¹
558 1872 773 1906 Lambinusz
802 1871 929 1905 scelere
943 1871 1042 1904 codd.

194 1983 270 2022 574
