1448 2236
693 57 894 97 CICERO

193 164 268 197 -tuo
296 159 448 197 bellum
475 160 615 198 confici
647 166 799 211 potest,
829 161 927 200 nihil
959 162 1052 200 tibil
1083 165 1138 201 sit
1165 165 1383 214 antiquius.

195 222 372 262 Pecunia
405 224 708 275 expeditissima
740 239 846 277 quae
873 231 975 273 erat,
1000 227 1075 265 tibi
1108 227 1274 266 decreta
1306 233 1382 266 est.

195 287 334 326 Habes
363 292 683 328 amantissimum
714 289 925 338 Servium3
967 304 1040 331 nos
1068 305 1151 330 non
1177 292 1382 331 desumus.

195 365 284 391 vm.
305 352 400 391 Idus
420 353 569 393 Iunias.

730 520 846 559 XXV

491 635 536 662 M.
563 636 601 663 T.
629 637 663 662 C.
690 637 722 662 S.
751 636 787 662 P.
815 638 855 663 D.
882 637 922 663 D.
950 637 1081 664 BRUTO

605 730 752 771 Romae,
768 742 874 765 A.u.c.
893 734 970 765 711.

151 818 168 851 1
240 814 506 865 Exspectanti
547 815 645 853 mihi
686 821 777 854 tuas
819 816 1001 867 quotidie
1041 816 1198 855 litteras
1241 816 1379 867 Lupus

188 884 326 917 noster
343 880 477 917 subito
496 879 764 926 denuntiavit,
784 886 831 918 ut
849 881 902 919 ad
918 886 963 918 te
981 881 1212 927 scriberem,
1230 884 1263 919 si
1282 881 1380 933 quid

188 943 348 982 vellem.
393 944 482 996 Ego
502 950 655 990 autem,
678 947 767 990 etsi,
788 945 887 996 quid
905 946 1136 991 scriberem,
1155 959 1238 984 non
1255 945 1379 985 habe-

188 1009 284 1046 bam
309 1008 418 1060 (acta
440 1011 547 1047 enim
567 1010 621 1048 ad
641 1015 685 1047 te
705 1012 814 1048 mitti
837 1011 1028 1056 sciebam,
1052 1013 1215 1048 inanem
1239 1016 1379 1049 autem

188 1086 416 1111 sermonem
427 1073 656 1112 litterarum
669 1074 744 1112 tibi
755 1075 1018 1113 iniucundum
1031 1087 1119 1113 esse
1133 1075 1378 1126 audiebam),

187 1138 431 1176 brevitatem
452 1144 614 1177 secutus
635 1152 725 1177 sum
745 1144 789 1177 te
809 1142 1017 1191 magistro.
1063 1138 1172 1178 Scito
1193 1142 1317 1191 igitur
1335 1142 1378 1178 in
1445 1168 1448 1194 3

149 1208 169 1239 2
188 1207 231 1240 te
252 1209 294 1241 et
313 1206 355 1240 in
373 1203 527 1255 collega
546 1217 660 1254 spem
680 1217 841 1242 omnem
862 1217 962 1243 esse.
1009 1204 1074 1242 De
1092 1204 1219 1243 Bruto
1238 1209 1377 1243 autem

187 1267 285 1305 nihil
337 1268 468 1306 adhuc
519 1271 621 1306 certi
638 1281 648 1314 ;
715 1255 838 1320 quem
891 1282 981 1320 ego,
1034 1268 1377 1320 quemadmodum

186 1335 397 1383 praecipis,
415 1335 581 1383 privatis
598 1333 745 1371 litteris
764 1333 818 1372 ad
833 1333 986 1371 bellum
1001 1347 1216 1372 commune
1234 1346 1377 1372 vocare
1442 1365 1448 1367 .

186 1410 268 1435 non
295 1397 448 1436 desino.
503 1397 583 1446 Qui
612 1400 769 1436 utinam
796 1401 878 1436 iam
904 1398 1094 1437 adesset!
1137 1401 1377 1436 intestinum
1435 1403 1440 1407 '

186 1461 295 1499 urbis
323 1461 488 1507 malum,
517 1463 627 1513 quod
655 1468 718 1501 est
745 1476 827 1501 non
854 1463 1070 1509 mediocre,
1098 1465 1229 1501 minus
1258 1465 1376 1501 time-

186 1539 334 1564 remus.
397 1526 479 1564 Sed
516 1527 614 1578 quid
659 1541 737 1578 ago
754 1528 770 1565 ?
825 1541 907 1566 non
942 1529 1077 1566 imitor
1123 1526 1375 1576 Λακωνισμόν

185 1596 331 1637 tuum3
352 1591 489 1629 ‘altera
512 1594 593 1629 iam
617 1592 779 1643 pagella
802 1592 999 1642 procedit.
1050 1591 1190 1638 Vince,
1210 1597 1254 1630 et
1271 1591 1373 1630 vale.

184 1668 266 1694 xw.
288 1655 379 1694 Kal.
398 1656 612 1704 Quintiles.

364 1741 377 1761 ¹
401 1742 558 1776 Inserted
573 1742 615 1785 by
633 1742 782 1785 Tyrrell,
791 1741 979 1785 following
999 1742 1207 1785 Wesenbery.

233 1898 248 1913 ⁰
275 1893 327 1927 M.
353 1894 484 1927 Brutus
508 1905 579 1927 was
602 1894 672 1927 still
695 1895 731 1927 in
757 1893 981 1933 Macedonia,
1004 1893 1076 1928 and
1101 1893 1309 1928 disinclined
1334 1896 1371 1927 to
1408 1877 1411 1878 ⁷

187 1940 306 1970 return
321 1940 359 1970 to
377 1937 480 1979 Italy.
531 1936 588 1979 Of.
605 1940 687 1971 note
703 1938 727 1970 d
742 1948 788 1971 on
804 1937 872 1980 Ep.
894 1939 946 1970 14.

186 1993 262 2033 492
