1448 2236
690 64 891 105 CICERO

193 167 289 206 enim
316 173 350 205 te
375 167 414 205 in
440 168 631 206 consulatu
657 167 904 207 observarant.
957 169 1013 207 Et
1038 171 1110 215 ais,
1137 168 1237 217 fore,
1264 176 1312 210 ut
1335 177 1380 210 te

194 221 342 259 Caesar
370 224 575 259 restituat.
630 221 765 259 Multa
794 227 841 260 tu
872 222 1036 272 quidem
1065 224 1176 269 dicis,
1205 224 1278 263 sed
1306 226 1379 263 tibi

194 288 312 313 nemo
333 276 474 313 credit.
526 275 794 313 Tribunatum
813 275 948 326 plebei
968 277 1065 315 dicis
1085 283 1129 315 te
1149 291 1241 315 mea
1261 291 1380 317 eausa

191 331 356 380 petisse.
411 329 581 366 Utinam
629 342 789 380 semper
838 343 945 368 esses
993 331 1204 369 tribunus!
1248 334 1379 370 -inter-

192 395 391 420 cessorem
421 396 503 420 non
533 395 761 433 quaereres.
815 382 950 434 Negas
980 397 1047 422 me
1077 384 1241 431 audere,
1272 386 1379 436 quod

128 441 130 443 ’
192 439 379 481 sentiam,
414 437 561 474 dicere.
615 435 739 483 Quasi
774 437 862 483 tibi,
896 450 989 475 cum
1021 438 1280 489 impudenter
1313 452 1378 478 me

152 495 172 527 2
190 503 367 541 rogares,
412 503 555 540 parum
600 489 760 528 fortiter
804 491 1092 541 responderim.
1147 492 1260 530 Haec
1303 494 1379 531 tibi

191 546 341 594 scripsi,
368 549 415 581 ut
440 546 518 581 isto
543 546 629 593 ipso
655 546 696 580 in
722 556 887 595 genere,
913 547 954 582 in
980 558 1059 596 quo
1085 544 1237 596 aliquid
1260 559 1378 597 posse

190 600 262 643 vis,
292 603 336 635 'ce
366 596 464 635 nihil
495 610 581 635 esse
611 610 885 647 cognosceres.
939 598 1058 646 Quod
1088 601 1120 637 si
1149 598 1378 638 humaniter

190 664 350 689 mecum
388 655 555 701 questus
595 664 715 696 esses,
753 651 928 689 libenter
964 652 1038 690 tibi
1076 665 1142 690 me
1182 658 1225 691 et
1260 652 1376 691 facile

189 718 426 756 purgassem
443 717 477 749 ;=
510 718 591 742 non
633 707 741 742 enim
782 707 942 756 ingrata
983 705 1078 745 mihi
1122 711 1231 752 sunt,
1273 719 1377 757 quae

190 758 350 803 fecisti3
396 757 481 804 sed,
513 771 618 809 quae
649 761 853 809 scripsisti,
883 758 1067 797 molesta.
1123 759 1195 797 Me
1225 766 1378 806 autem,
1432 768 1434 770 '

189 818 356 864 propter
388 825 511 862 quem
543 814 669 850 ceteri
701 812 815 850 liberi
848 818 956 858 sunt,
989 813 1064 850 tibi
1095 812 1267 852 liberum
1298 827 1379 852 non

189 869 318 904 visum
345 866 532 904 demiror.
587 865 692 903 Nam
719 868 752 904 si
782 865 883 904 falsa
909 865 1088 912 fuerunt,
1118 880 1223 917 quae
1253 872 1299 905 tu
1326 867 1379 906 ad

189 933 269 965 me,
292 925 339 957 ut
360 922 432 964 ais,
455 918 650 964 detulisti,
673 920 770 970 quid
799 920 874 957 tibi
903 933 979 970 ego
1008 920 1172 958 debeo?
1209 922 1242 958 si
1269 933 1378 967 vera,

188 979 311 1066 ‹tiubes
343 975 519 1023 optimus
551 975 680 1018 testis,
714 973 812 1024 quid
843 973 940 1012 mihi
970 973 1142 1024 populus
1174 973 1378 1013 Romanus
1436 954 1448 1023 ᾗ

218 1040 240 1065 e
271 1032 352 1066 eat.
1435 1026 1448 1115 i

694 1121 874 1160 XXVIII

540 1228 587 1255 M.
614 1229 753 1254 CICERO
780 1229 811 1254 S.
840 1229 879 1254 D.
907 1228 1027 1255 cumo

681 1321 787 1343 A.u.c.
806 1313 883 1344 708.

151 1394 169 1428 1
241 1388 426 1434 Memini,
455 1401 547 1426 curn
575 1387 672 1427 mihi
702 1387 886 1437 desipere
914 1387 1119 1433 videbare,
1148 1387 1257 1438 quod
1284 1400 1376 1425 cum

187 1445 273 1481 istis
312 1445 446 1493 potius
485 1444 652 1486 viveres,
692 1454 814 1492 quam
853 1441 1088 1486 nobiscum·;
1142 1446 1231 1478 erat
1270 1443 1376 1478 enim

187 1496 316 1534 multo
348 1495 593 1534 domicilium
624 1494 742 1533 huius
784 1494 892 1532 urbis
921 1494 1029 1546 (cum
1071 1494 1236 1544 quidem
1276 1493 1376 1532 haec

235 1612 250 1627 ‘²
274 1606 306 1639 A
324 1606 509 1647 quotation
525 1605 618 1637 from
636 1604 789 1637 Gallus's
807 1604 906 1637 letter
922 1607 959 1636 to
976 1603 1109 1636 Cicero.

239 1650 252 1670 ὸ
278 1649 310 1681 Α
334 1649 498 1690 punning
521 1648 696 1680 reference
711 1651 748 1680 to
765 1647 823 1680 the
849 1647 1019 1680 tribunes'
1042 1647 1099 1679 ius
1125 1646 1373 1679 intercedendi.

191 1692 315 1743 Gullus
337 1702 488 1733 appears
510 1694 548 1723 to
571 1691 661 1723 have
684 1690 796 1723 asked
821 1689 943 1723 Cicero
964 1693 1002 1723 to
1026 1689 1201 1722 intercede
1222 1688 1279 1722 for
1301 1689 1375 1722 him

191 1735 433 1819 ἯξὴΤῖιῖξίῧτξ
467 1787 518 1815 or,
539 1776 709 1819 possibly,
731 1775 752 1788 “
768 1786 853 1817 may
876 1779 938 1808 not
959 1778 1017 1808 act
1038 1785 1078 1807 as
1101 1774 1118 1807 I
1141 1774 1270 1807 choose
1291 1774 1374 1807 with

190 1821 318 1864 regard
334 1825 372 1854 to
389 1819 497 1862 you.”

235 1865 251 1886 ὅ
277 1865 319 1897 In
345 1864 542 1897 connexion
568 1861 653 1895 with
681 1861 741 1894 the
769 1860 999 1894 Catilinarian
1025 1860 1246 1901 conspiracy,
1273 1859 1375 1892 when

192 1906 316 1941 Gallus
348 1910 443 1940 must
474 1906 563 1939 have
593 1903 756 1948 supplied
786 1903 908 1937 Cicero
939 1902 1024 1937 with
1053 1913 1152 1936 some
1182 1903 1375 1945 important

191 1951 431 1984 information.

196 2006 247 2042 80
