1448 2236
699 55 900 95 CICERO

199 158 391 196 scribenti
421 159 473 196 ad
500 172 567 197 me
596 161 792 198 eiusmodi
819 161 991 207 litteras,
1019 174 1119 213 quas
1146 162 1275 214 leges,
1301 176 1394 202 con·

198 220 390 266 tionibus,
422 221 628 267 videlicet,
662 235 762 272 quas
794 222 984 262 Narbone
1015 222 1204 263 habuisse
1233 225 1393 270 dicitur,

198 281 362 327 similes,
386 282 575 333 palparer
597 283 719 334 plane
742 297 910 323 necesse
935 291 1037 331 erat,
1061 288 1093 323 si
1117 286 1263 325 vellem
1287 300 1393 325 com-

198 349 372 390 meatus,
405 357 480 395 per
512 348 759 395 provinciam
794 349 879 385 eius
913 349 992 386 iter
1025 346 1193 394 faciens,
1227 348 1391 387 habere.

197 404 419 444 Praeterea
448 408 632 454 verebar,
663 422 729 453 ne,
759 411 793 446 si
824 414 934 455 ante,
967 422 1089 460 quam
1121 423 1197 461 ego
1227 413 1393 461 incepta

195 467 448 519 perficerem,
462 469 661 520 proelium
675 469 907 509 confectum
923 477 1045 517 esset,
1057 474 1171 522 pium
1184 472 1392 510 consilium

195 542 334 568 meum
358 537 552 581 raperent
576 534 618 570 in
642 535 885 571 contrariam
908 538 1070 584 partem
1095 534 1392 573 obtrectatores

196 594 292 637 mei,
309 599 478 643 propter
496 596 730 639 amicitiam,
749 607 855 645 quae
872 594 970 632 mihi
988 608 1081 633 cum
1099 595 1293 641 Antonio,
1311 609 1392 634 non

157 657 178 691 3
195 656 323 692 maior
345 660 499 701 tamen,
519 669 642 706 quam
663 655 826 703 Planco,
847 655 939 695 fuit.
993 656 1141 708 Itaque
1165 671 1189 695 a
1207 657 1391 696 Gadjbus

196 729 337 755 mense
355 717 484 768 Aprili
501 717 605 756 binis
622 718 843 757 tabellariis
860 721 903 756 in
920 719 1021 758 duas
1037 732 1161 758 naves
1178 722 1390 770 impositis,

199 783 242 816 et
274 779 350 817 tibi
385 785 429 818 et
460 780 690 818 consulibus
723 786 767 819 et
800 780 1025 820 Octaviano
1057 783 1211 832 scripsi,
1245 787 1292 820 ut
1323 794 1391 820 me

195 838 384 879 faceretis
405 844 634 887 certiorem,
657 855 834 893 quonam
853 843 974 881 modo
992 843 1211 894 plurimum
1229 856 1391 894 possem

195 903 388 952 prodesse
419 904 680 954 reipublicae.
733 904 828 950 Sed,
860 910 908 943 ut
938 907 1139 943 rationem
1170 907 1277 950 ineo,
1310 918 1391 956 quo

195 964 262 1002 die
277 965 476 1015 proelium
492 965 624 1004 Pansa
638 969 852 1011 commisit,
870 967 1014 1005 eodem
1030 980 1054 1005 a
1069 966 1252 1005 Gadibus
1267 980 1390 1005 naves

196 1025 408 1077 profectae
433 1033 541 1066 sunt.
595 1027 717 1066 Nulla
740 1031 850 1066 enim
873 1034 966 1079 post
990 1028 1167 1067 hiemem
1191 1028 1270 1067 fuit
1294 1034 1391 1067 ante

199 1101 290 1126 eam
311 1089 421 1127 diem
442 1092 661 1141 navigatio.
715 1090 771 1129 Et
792 1090 975 1129 hercules
995 1090 1116 1142 longe
1137 1097 1317 1129 remotus
1339 1091 1390 1129 ab

196 1153 305 1188 omni
337 1154 563 1201 suspicione
595 1151 721 1190 futuri
753 1152 877 1190 civilis
909 1152 1122 1198 tumultus,
1154 1155 1318 1203 penitus
1348 1155 1391 1190 in

199 1211 409 1251 Lusitania
427 1213 608 1265 legiones
627 1217 668 1252 in
688 1214 864 1252 hibernis
884 1214 1133 1252 collocaram.
1188 1214 1254 1253 Ita
1271 1227 1390 1264 porro

197 1273 405 1314 festinavit
436 1281 610 1326 uterque
641 1276 874 1327 confligere,
904 1282 1116 1327 tamquam
1146 1275 1245 1314 nihil
1273 1278 1390 1326 peius

197 1339 406 1383 timerent,
437 1351 559 1388 quam
588 1351 641 1376 ne
670 1340 757 1376 sine
785 1341 963 1376 maximo
991 1338 1239 1389 reipublicae
1267 1338 1391 1376 detri-

197 1405 337 1437 mento
362 1399 514 1437 bellum
538 1406 862 1450 componeretur.
915 1399 1010 1445 Sed,
1035 1402 1067 1438 si
1090 1400 1390 1450 properandum

198 1459 289 1506 fuit,
311 1461 410 1499 nihil
430 1476 511 1500 non
532 1465 677 1500 summi
699 1462 811 1500 ducis
831 1462 995 1500 consilio
1015 1464 1188 1513 gessisse
1210 1461 1389 1500 Hirtium

158 1527 180 1559 4
198 1523 331 1561 video.
385 1523 502 1562 Nunc
524 1523 625 1562 haec
646 1524 745 1561 mihi
767 1524 996 1563 scribuntur
1018 1537 1069 1562 ex
1092 1523 1224 1562 Gallia
1246 1523 1390 1574 Lepidi

199 1590 243 1623 et
274 1588 542 1631 nuntiantur3
591 1585 748 1624 Pansae
782 1588 1005 1625 exercitum
1037 1588 1240 1624 concisum
1272 1597 1389 1630 esse3

199 1646 373 1685 Pansam
412 1661 463 1686 ex
500 1648 731 1686 vulneribus
768 1654 1003 1694 mortuum3
1055 1648 1200 1686 eodem
1236 1647 1389 1698 proelio

201 1707 395 1747 Martiam
423 1709 627 1760 legionem
653 1712 869 1755 interiisse,
891 1715 935 1748 et
962 1709 1010 1747 L.
1040 1709 1242 1748 Fabatum
1271 1714 1316 1747 et
1342 1708 1388 1746 G.

250 1813 265 1828 ‘²
287 1810 355 1847 i.e.‚
379 1809 432 1842 his
456 1810 639 1848 intention,
661 1808 837 1842 indicated
860 1811 896 1842 in
919 1809 935 1850 ἓ
960 1811 979 1842 6
1002 1809 1044 1842 of
1069 1811 1126 1846 31,
1148 1812 1186 1842 to
1206 1808 1314 1851 bring
1334 1807 1389 1841 his
1446 1825 1448 1827 ·

201 1862 304 1894 army
317 1851 410 1885 from
427 1851 539 1894 Spain
555 1854 629 1886 into
645 1852 740 1895 Italy
755 1853 791 1885 in
806 1855 955 1894 support
969 1851 1010 1885 of
1021 1852 1082 1885 the
1097 1851 1282 1894 Republic.

250 1894 263 1914 ⁶
287 1896 355 1934 i-e„
381 1895 633 1934 Narbonensis,
660 1906 700 1928 as
729 1895 987 1938 distinguished
1016 1895 1109 1927 from
1138 1895 1199 1927 the
1228 1893 1323 1927 Gaul
1352 1892 1393 1926 of
1445 1895 1448 1913 2

203 1937 354 1971 Plancus
370 1938 562 1980 (Comata),
577 1938 651 1971 and
666 1938 727 1971 the
742 1938 837 1971 Gaul
853 1938 892 1971 of
905 1939 951 1971 D.
969 1937 1099 1971 Brutus
1114 1936 1336 1980 (Cisalpina).

204 1994 281 2028 414
