1448 2236
665 68 868 109 CICERO

737 206 794 244 VI

505 321 551 348 M.
569 322 607 348 Τ.
626 322 661 348 C.
679 322 711 348 S.
730 322 767 348 P.
787 322 826 348 D.
845 323 880 349 C.
898 322 1026 348 CASSIO

586 403 734 443 Romae,
751 408 857 438 A.U.c'.
875 407 953 438 710.

134 494 152 528 l
222 488 303 537 Qui
319 494 450 527 status
466 502 601 527 rerum
618 488 742 527 fuerit
758 495 861 535 tum,
879 503 970 528 cum
988 490 1060 528 has
1076 489 1234 529 litteras
1251 490 1358 537 dedi,

171 548 270 584 scire
286 547 437 596 poteris
453 559 503 583 ex
520 545 565 583 C.
579 545 686 583 Titio
701 545 913 591 Strabone,
929 549 1012 584 viro
1026 547 1133 585 bono
1148 552 1192 585 et
1206 550 1358 598 optime

172 603 224 641 de
239 601 443 653 republica
457 604 661 640 sentiente
679 614 689 647 ;
719 615 813 639 nam
829 603 927 653 quid
941 602 1087 648 dicam,
1102 604 1359 654 cupidissimo

171 662 246 705 tui,
270 661 352 710 qui,
376 659 496 697 domo
520 664 563 697 et
586 657 756 697 fortunis
779 658 941 704 relictis,
966 660 1019 698 ad
1040 665 1084 698 te
1107 662 1359 710 potissimum

171 715 375 767 profectus
423 715 508 753 sit?
563 715 708 766 Itaque
758 729 851 753 eum
899 717 974 754 tibi
1022 729 1074 754 ne
1122 718 1359 756 commendo

173 773 366 824 quidem3
405 771 602 809 adventus
627 773 750 821 ipsius
775 772 827 810 ad
851 777 894 810 te
919 775 1015 811 satis
1041 786 1134 811 eum
1158 786 1359 812 commen-

134 835 155 866 2
173 828 300 867 dabit.
351 827 413 864 Tu
444 827 563 865 velim
594 830 649 865 sic
680 830 885 866 existimes
916 829 1071 879 tibique
1102 830 1359 880 persuadeas,

173 897 292 923 omne
306 882 536 935 perfugium
549 883 745 921 bonorum
757 886 800 921 in
813 890 856 922 te
871 890 915 922 et
927 884 1053 923 Bruto
1067 898 1155 923 esse
1168 888 1359 937 positum,

173 944 220 986 si,
255 940 363 992 quod
398 939 534 984 nolim,
569 940 725 978 adversi
760 941 857 991 quid
893 944 1086 980 evenerit.
1139 941 1233 988 Res,
1267 956 1359 981 cum

174 997 275 1035 haec
289 996 526 1040 scribebam,
543 1002 631 1034 erat
644 999 686 1033 in
701 1002 929 1034 extremum
944 997 1119 1036 adducta
1133 998 1359 1037 discrimen.
1419 998 1424 1001 ’

174 1053 321 1091 Brutus
337 1056 443 1091 enim
461 1052 647 1090 Mutinae
662 1055 727 1089 vix
741 1055 821 1090 iam
836 1054 1075 1092 sustinebat.
1128 1053 1207 1101 Qui
1221 1058 1254 1094 si
1267 1069 1360 1094 con-

175 1115 356 1148 servatus
372 1112 462 1154 erit,
478 1111 641 1146 vicimus
657 1121 666 1146 ε
699 1111 759 1146 sin
779 1109 903 1159 (quod
925 1109 966 1147 di
984 1123 1105 1148 omen
1119 1117 1305 1150 avertant
1321 1112 1347 1163 !)

175 1168 303 1204 omnis
328 1168 507 1203 omnium
531 1178 667 1202 cursus
693 1170 756 1202 est
781 1165 834 1203 ad
857 1179 940 1203 vos.
993 1165 1164 1205 Proinde
1188 1166 1253 1206 fac
1278 1174 1361 1208 ani-

174 1235 287 1260 mum
309 1227 470 1259 tantum
494 1221 644 1259 habeas
667 1226 909 1272 tantumque
933 1228 1186 1273 apparatum,
1209 1232 1361 1275 quanto

173 1291 272 1328 opus
302 1284 364 1316 est
392 1278 445 1316 ad
472 1281 699 1316 universam
726 1278 1016 1328 rempublicam
1042 1282 1360 1331 reciperandam.

176 1333 291 1373 Vale.

716 1485 796 1524 VII

509 1599 555 1627 Μ.
572 1600 611 1626 Τ.
629 1601 664 1626 C.
683 1601 715 1626 S.
734 1601 771 1627 P.
790 1602 830 1627 D.
849 1602 884 1627 C.
902 1601 1030 1628 CASSIO

588 1689 736 1729 Romae,
752 1701 858 1724 A.u.c.
877 1693 955 1724 710.

137 1781 156 1814 1
227 1775 392 1822 Quanto
421 1775 555 1813 studio
585 1753 827 1826 dignitatem
857 1780 971 1813 tuam
1002 1781 1045 1814 et
1073 1778 1116 1814 in
1144 1783 1290 1816 senatu
1318 1784 1363 1818 et

176 1831 229 1869 ad
245 1831 438 1881 populum
453 1829 719 1876 defenderim,
735 1843 786 1868 ex
801 1832 880 1868 tuis
895 1836 938 1868 te
956 1831 1075 1876 malo,
1091 1845 1212 1882 quam
1230 1846 1281 1870 ex
1294 1847 1362 1872 me

202 1945 218 1961 ⁶
243 1941 317 1974 Not
333 1940 535 1974 mentioned
552 1940 748 1974 elsewhere.
947 1940 962 1962 δ
985 1945 1007 1960 “
1017 1941 1098 1976 You
1109 1942 1130 1956 '’
1145 1943 1175 1975 is
1189 1942 1315 1985 plural.

176 1997 254 2031 534

1440 1413 1448 1492 na...
