1448 2236
671 54 872 93 CICERO

175 162 290 199 stitui
309 159 555 211 praesidium
574 160 616 196 in
636 158 806 209 Alpibus
827 158 1034 205 collocare,
1055 164 1099 198 et
1118 164 1162 198 te
1183 159 1236 198 de
1255 163 1362 199 omni

175 227 220 306 {le
260 213 395 278 facere
436 215 662 251 certiorem.
728 226 792 251 111.
831 212 922 251 Kal.
961 212 1081 259 Mais,
1122 226 1172 252 ex
1210 217 1363 261 castris,

215 281 317 319 eglo.

745 427 784 466 X

457 551 498 577 D.
526 550 677 577 BRUTUS
704 550 736 577 S.
764 551 804 577 D.
831 551 876 577 M.
904 551 1087 577 CICERONI

556 650 744 689 Dertonae,
761 660 866 683 Aue.
884 652 962 683 711.

142 752 159 785 1
234 745 325 783 Non
343 743 440 782 mihi
461 742 750 793 rempublicam
769 742 858 793 plus
878 743 1028 781 debere
1046 744 1231 790 arbitror,
1245 757 1368 796 quam

179 813 245 836 me
270 799 357 838 tibi.
409 797 639 835 Gratiorem
662 810 729 834 me
755 810 842 834 esse
866 799 909 834 in
932 803 976 834 te
999 810 1130 848 posse,
1156 811 1278 849 quam
1301 802 1367 836 isti

179 854 357 903 perversi
374 854 454 889 sint
471 854 514 888 in
530 864 610 896 me,
630 850 884 901 exploratum
901 850 1026 888 habes
1045 864 1055 896 ;
1086 854 1119 889 si
1137 857 1278 891 tamen
1294 852 1368 890 hoc

180 908 374 957 temporis
387 905 572 943 videatur
586 904 663 942 dici
676 917 810 950 causa,
823 904 942 942 malle
955 918 1022 942 me
1035 910 1152 943 tuum
1164 905 1368 951 iudicium,

182 973 305 1012 quam
336 973 386 997 ex
417 959 546 996 altera
575 964 693 1008 parte
724 960 902 995 omnium
933 960 1114 997 istorum.
1169 959 1231 997 Tu
1262 962 1369 997 enim

181 1027 207 1051 a
226 1019 338 1052 certo
359 1026 478 1057 sensu
501 1018 544 1050 et
563 1025 658 1049 vero
679 1012 829 1049 iudicas
852 1012 903 1049 de
924 1012 1037 1050 nobis
1056 1025 1065 1058 3
1101 1013 1211 1063 quod
1230 1015 1296 1051 isti
1317 1026 1368 1051 ne

181 1067 348 1112 faciant,
373 1079 531 1104 summa
556 1065 840 1103 malevolentia
866 1071 909 1103 et
933 1065 1055 1104 livore
1081 1066 1368 1117 impediuntur.

185 1120 453 1171 Interpellent
476 1133 557 1165 me,
582 1133 662 1170 quo
686 1122 817 1157 minus
842 1118 1059 1158 honoratus
1084 1122 1172 1166 sim,
1197 1119 1294 1158 dum
1317 1133 1369 1158 ne

183 1174 458 1225 interpellent,
489 1187 568 1224 quo
598 1176 728 1211 minus
757 1173 983 1223 respublica
1011 1186 1037 1210 a
1064 1186 1132 1211 me
1161 1174 1370 1212 commode

183 1229 454 1267 administrari
486 1229 625 1277 possit.
685 1227 801 1274 Quae
836 1233 988 1277 quanto
1022 1229 1074 1264 sit
1106 1230 1149 1265 in
1180 1227 1370 1278 periculo,

145 1291 166 1323 2
182 1296 305 1334 quam
319 1287 462 1333 potero
477 1282 711 1319 brevissime
727 1293 942 1331 exponam.
985 1279 1164 1318 Primum
1178 1284 1370 1327 omnium,

187 1342 384 1388 quantam
413 1335 763 1385 perturbationem
791 1347 926 1371 rerum
956 1334 1200 1372 urbanarum
1228 1334 1372 1373 afferat

185 1391 318 1428 obitus
338 1388 545 1427 consulum
565 1393 841 1439 quantamque
861 1387 1127 1438 cupiditatem
1145 1387 1371 1427 hominibus

185 1446 323 1481 iniciat
362 1445 555 1487 vacuitas,
595 1455 677 1479 non
715 1446 758 1479 te
797 1440 917 1492 fugit.
982 1441 1086 1479 Satis
1132 1454 1199 1480 me
1244 1442 1373 1481 multa

186 1499 401 1547 scripsisse,
422 1509 526 1547 quae
546 1495 691 1533 litteris
710 1495 984 1533 commendari
1001 1497 1169 1546 possint,
1188 1496 1372 1534 arbitror.

148 1558 168 1590 3
187 1551 276 1589 Scio
289 1553 410 1595 enim,
423 1552 486 1587 cui
498 1549 682 1587 scribam.
724 1548 920 1586 Revertor
935 1561 1042 1587 nunc
1057 1549 1110 1587 ad
1126 1549 1349 1587 Antonium
1363 1562 1373 1595 ;

188 1607 257 1656 qui
280 1617 330 1642 ex
351 1603 450 1655 fuga
470 1616 563 1641 cum
582 1601 790 1652 parvulam
812 1615 977 1640 manum
997 1602 1183 1652 peditum
1204 1602 1374 1641 haberet

188 1661 415 1703 inermium,
436 1656 639 1708 ergastula
658 1655 862 1701 solvendo,
882 1669 1083 1707 omneque
1101 1669 1230 1707 genus
1249 1656 1374 1695 homi-

246 1807 262 1823 ⁶
286 1801 351 1835 See
366 1804 448 1834 note
465 1806 479 1821 ‘¹
495 1812 541 1833 on
557 1811 591 1843 p.
609 1802 687 1833 450.

244 1845 257 1866 ¹³
282 1845 404 1878 About
418 1847 463 1878 34
479 1844 578 1877 miles
594 1842 699 1876 north
714 1843 755 1876 of
767 1842 901 1876 Genoa.

246 1894 258 1910 ⁶
283 1888 369 1921 Men
383 1887 464 1921 who
482 1886 680 1929 habitually
698 1885 879 1928 maligned
897 1885 942 1917 D.
961 1884 1102 1924 Brutus,
1118 1884 1236 1918 whom
1253 1884 1375 1919 Cicero

198 1934 235 1966 in
249 1932 317 1973 Ep.
338 1934 390 1964 14.
408 1933 428 1963 2
444 1930 529 1963 calls
546 1929 706 1963 Brutus's
721 1928 969 1962 obtrectatores,

193 1988 268 2022 452
