1448 2236
693 70 894 110 CICERO

199 172 330 211 Sestio
347 175 390 210 in
407 173 614 212 consilium
636 177 683 211 iri
705 187 870 212 necesse
890 180 991 213 erat.
1045 174 1261 226 Respondi,
1278 175 1386 214 nullo

198 226 318 265 modo
342 240 408 264 me
436 226 570 265 facere
593 240 737 278 posse3
777 241 898 279 quem
927 228 1051 267 vellet
1077 228 1201 267 alium
1223 232 1256 268 si
1279 229 1386 268 diem

199 283 448 331 sumpsisset,
475 294 542 318 me
569 284 605 319 ei
631 295 714 319 non
738 281 987 321 defuturum.
1040 282 1114 320 Ille
1139 288 1292 328 autem,
1319 285 1387 334 qui

199 336 320 372 sciret
351 347 394 372 se
425 340 619 385 nepotem
649 335 801 373 bellum
831 336 1038 374 tibicinem
1069 336 1219 375 habere
1251 342 1295 375 et
1324 342 1387 374 sat

199 388 351 425 bonum
368 387 609 434 cantoreml,
627 389 810 427 discessit
829 402 854 427 a
871 402 952 435 me,
971 395 1019 428 ut
1042 390 1140 427 mihi
1161 389 1388 437 videbatur,

199 443 350 480 iratior.
405 441 543 480 Habes
557 441 702 480 Sardos
718 442 894 489 venales,
909 443 1031 481 alium
1046 443 1124 481 alio
1139 446 1387 494 nequiorem.

200 494 393 545 Cognosti
405 508 537 533 meam
550 509 712 534 causam
725 502 768 534 et
779 499 893 534 istius
906 496 1106 535 Salaconis
1118 499 1387 548 iniquitatem.

201 548 400 586 Catonem
414 555 532 587 tuum
546 549 644 588 mihi
658 552 792 588 mitte.
846 550 973 600 Cupio
990 553 1098 588 enim
1110 550 1262 601 legere.
1316 550 1388 588 Me

199 602 331 641 adhuc
350 616 432 640 non
450 602 610 654 legisse,
630 609 750 654 turpe
771 606 932 655 utrique
952 610 1135 642 nostrum
1155 609 1230 643 est.

739 716 854 753 XXV

479 815 618 840 CICERO
645 815 678 842 S.
706 815 746 841 Ι).
774 815 818 840 Μ.
847 815 965 840 FADIO
992 814 1112 841 GALm

552 897 593 929 In
610 897 824 935 Tusculano,
841 908 947 930 A.u.c.
965 899 1042 930 709.

163 977 179 1010 1
250 973 370 1021 Quod
392 972 619 1024 epistulam
652 975 891 1011 conscissam
923 973 1048 1019 doles,
1082 974 1161 1011 noli
1193 973 1387 1012 laborare.

199 1025 318 1064 Salva
346 1032 408 1065 est
436 1027 573 1071 domi;
613 1032 746 1077 petes,
774 1040 866 1065 cum
893 1026 1048 1065 libebit.
1102 1027 1222 1075 Quod
1249 1033 1387 1065 autem
1435 1047 1448 1078 g

199 1093 266 1118 me
302 1094 456 1124 mones,
493 1080 610 1118 valde
646 1086 809 1131 gratum
847 1086 937 1126 est;
987 1081 1110 1132 idque
1146 1086 1194 1118 ut
1229 1093 1388 1131 semper
1435 1078 1448 1111 *ι

199 1133 337 1180 facias,
352 1147 464 1185 rogo.
517 1134 673 1172 Videris
693 1137 801 1172 enim
817 1134 915 1172 mihi
931 1137 1074 1180 vereri,
1090 1147 1156 1180 ne,
1174 1136 1249 1172 nisi
1266 1136 1387 1172 istum
1443 1167 1448 1185 .=

200 1187 472 1233 habuerimus,
501 1188 704 1226 rideamus
733 1187 885 1239 γέλωτα
913 1187 1126 1236 σαρδόνιον.
1179 1187 1260 1226 Sed
1286 1187 1386 1226 heus
1446 1195 1448 1199 '

201 1246 261 1287 tu,
284 1255 450 1278 manum
473 1241 525 1279 de
549 1241 716 1286 tabula;
754 1244 948 1292 magister
971 1241 1088 1280 adest
1111 1243 1242 1286 citius,
1266 1254 1387 1292 quam

161 1299 182 1332 2
199 1300 449 1345 putaramus.
493 1295 658 1340 Vereor,
674 1307 726 1333 ne
742 1297 784 1332 in
796 1294 1030 1333 Catonium²
1045 1294 1276 1333 Catoninos.
1326 1294 1386 1331 Mi

201 1348 331 1393 Galle,
355 1361 452 1386 cave
476 1354 596 1399 putes
621 1348 841 1400 quidquam
866 1348 1021 1394 melius,
1046 1362 1168 1399 quam
1191 1347 1387 1399 epistulae

508 1418 520 1437 ¹
548 1418 758 1451 Manutius:
784 1421 967 1451 unetorem
982 1418 1080 1451 codd.

511 1461 524 1480 ²
548 1461 765 1494 Salmasius:
790 1461 978 1494 Catomum
994 1470 1073 1494 uss.

250 1537 266 1552 ⁰
291 1531 452 1564 Accused
467 1531 508 1564 of
520 1532 663 1573 bribery
678 1531 750 1564 and
766 1532 982 1574 corruption.

253 1575 266 1595 ὓ
289 1576 358 1613 i.e.,
373 1574 555 1616 Tigellius.

254 1623 268 1639 ⁶
291 1617 426 1655 Gallus,
443 1627 482 1650 as
498 1617 577 1650 well
592 1628 631 1650 as
651 1617 774 1650 Cicero
790 1617 863 1650 and
880 1617 1024 1655 Brutus,
1038 1620 1147 1650 wrote
1158 1628 1181 1650 a
1193 1617 1387 1659 panegyric

204 1662 246 1694 of
257 1660 368 1698 Cato·
392 1660 524 1693 Caesar
539 1660 611 1693 and
628 1660 767 1693 Hirtius
784 1660 871 1693 both
888 1663 996 1693 wrote
1010 1660 1239 1693 Anti-Calos.

251 1704 267 1725 ⁴
291 1685 470 1745 Probably
493 1703 554 1735 the
575 1702 768 1745 preceding
790 1703 901 1740 letter,
927 1704 963 1735 in
986 1702 1101 1735 which
1124 1702 1293 1744 Tigellius
1316 1711 1387 1734 was

206 1746 362 1789 severely
379 1745 565 1779 criticized.

253 1789 349 1822 No
364 1789 478 1822 doubt
491 1799 513 1821 a
528 1799 595 1830 cop
598 1788 676 1830 yof
688 1790 726 1821 it.

252 1834 267 1857 t
288 1833 330 1865 Ti
332 1831 495 1874 gellius‚‘
500 1799 621 1870 ‘whoy
633 1831 663 1864 if
679 1831 804 1864 hostile
822 1835 859 1864 to
879 1842 932 1870 us,
951 1842 1035 1872 may
1051 1830 1159 1863 make
1177 1841 1220 1864 us
1240 1830 1325 1872 laug
1325 1830 1349 1862 h
1364 1840 1388 1862 a

207 1876 312 1909 bitter
331 1843 479 1918 lgaugh”
496 1875 580 1907 with
596 1885 643 1907 an
659 1874 821 1912 allusion,
838 1874 925 1907 both
947 1877 984 1907 to
999 1874 1060 1907 the
1075 1873 1181 1907 bitter
1199 1841 1387 1907 Sardinian

208 1918 315 1996 hffis
334 1918 395 1961 (cs.
419 1918 527 1961 Verg.
550 1918 627 1951 Ecl.
650 1919 708 1950 vii.
732 1917 805 1957 41),
826 1916 898 1950 and
921 1920 958 1950 to
979 1916 1178 1959 Tigellius’s
1199 1916 1387 1950 Sardinian

210 2008 262 2045 74
