1448 2236
723 54 925 93 CICERO

750 194 893 233 XVIII

450 311 590 337 clm-:Ro
616 311 648 337 s.
677 311 717 338 D.
744 311 971 338 CORNIFICIO
997 311 1192 339 cOLLEGAn

638 394 786 433 Romae,
803 405 909 428 Ani-c.
928 397 1005 428 ¹⁷08.

188 483 203 517 1
275 479 396 527 Quod
427 463 656 518 extremum
687 479 765 518 fuit
794 482 837 518 in
867 493 918 519 ea
948 480 1130 531 epistola,
1162 494 1284 533 quam
1315 495 1339 519 a
1369 486 1413 520 te

223 553 405 600 proxime
421 553 572 600 accepi,
589 551 640 588 ad
654 550 696 587 id
714 553 888 601 primum
902 551 1167 602 respondebo.
1220 551 1412 589 Animum

223 620 379 658 adverti
408 623 528 665 enim,
557 620 631 658 hoc
658 633 727 658 vos
754 634 922 672 magnos
949 627 1127 660 oratores
1154 620 1288 659 facere
1315 634 1412 659 non-

222 703 457 740 numquam.
510 690 712 741 Epistolas
751 693 920 741 requiris
960 704 1071 729 meas
1089 703 1100 736 ;
1155 704 1232 743 ego
1272 697 1410 729 autem

222 773 457 811 numquam,
486 774 578 798 cum
605 760 703 798 mihi
730 761 1015 799 denuntiatum
1044 766 1152 799 esset
1180 775 1204 799 a
1231 764 1325 807 tuis,
1351 764 1409 799 ire

221 830 411 881 aliquem,
430 844 510 868 non
529 831 636 869 dedi.
690 830 810 878 Quod
826 831 925 869 mihi
942 831 1080 870 videor
1098 844 1150 870 ex
1167 834 1247 870 tuis
1265 831 1409 870 litteris

221 900 474 952 intellegere,
501 906 544 939 te
571 900 669 938 nihil
695 903 998 939 commissurum
1025 914 1113 940 esse
1139 907 1310 947 temere,
1335 914 1410 940 nee

221 976 318 1008 ante
356 983 479 1021 quam
516 972 670 1016 scisses,
708 984 788 1021 quo
824 973 903 1009 iste
939 974 1073 1010 nescio
1110 974 1179 1022 qui
1216 971 1409 1010 Caecilius

220 1039 365 1078 Bassus
389 1046 635 1091 erumperet,
657 1040 879 1091 quidquam
899 1043 1000 1079 certi
1020 1043 1348 1087 constituturum,
1367 1042 1410 1080 id

220 1123 298 1161 ego
318 1116 362 1148 et
381 1123 587 1160 speraram
605 1110 822 1161 prudentia
841 1116 914 1149 tua
931 1109 1074 1156 fretus,
1095 1117 1152 1157 et,
1170 1117 1218 1150 ut
1236 1110 1410 1150 confide-

218 1193 319 1226 rem,
341 1179 526 1218 fecerunt
548 1185 646 1218 tuae
667 1182 920 1231 gratissimae
941 1180 1040 1218 mihi
1059 1180 1223 1219 litterae
1240 1193 1251 1227 3
1285 1181 1408 1233 idque

219 1256 266 1287 ut
285 1249 407 1287 facias
429 1263 551 1300 quam
570 1252 817 1300 saepissime,
833 1255 880 1288 ut
897 1255 940 1288 et
957 1251 1054 1301 quid
1070 1256 1116 1289 tu
1136 1264 1232 1302 agas
1249 1257 1293 1290 et
1312 1251 1409 1303 quid

219 1326 365 1371 agatur
393 1322 492 1358 scire
520 1322 669 1370 possim
688 1325 731 1358 et
750 1323 874 1358 etiam
902 1320 1000 1371 quid
1027 1326 1188 1359 aeturus
1207 1323 1274 1367 sis,
1291 1321 1407 1360 valde

219 1395 264 1428 te
294 1403 406 1441 rogo.
459 1389 548 1427 Etsi
578 1392 789 1441 periniquo
819 1391 1006 1440 patiebar
1035 1393 1182 1436 animo,
1213 1397 1256 1429 te
1288 1405 1312 1429 a
1341 1405 1407 1430 me

219 1460 390 1511 digredi,
408 1466 549 1497 tamen
566 1473 615 1498 eo
632 1465 816 1511 tempore
834 1473 900 1499 me
917 1460 1163 1507 consolabar,
1181 1461 1291 1512 quod
1307 1464 1408 1500 etin

219 1543 421 1568 summum
438 1532 565 1567 otium
580 1535 624 1567 te
640 1533 697 1567 ire
715 1531 940 1569 arbitrabar
954 1536 998 1569 et
1013 1531 1064 1570 ab
1079 1531 1406 1582 impendentibus

179 1604 201 1637 2
218 1602 375 1652 magnis
390 1602 562 1651 negotiis
576 1599 796 1638 discedere.
844 1600 1074 1652 Utrumque
1086 1607 1227 1640 contra
1238 1603 1383 1641 accidit
1396 1614 1407 1647 ;

219 1673 309 1708 istic
336 1672 444 1707 enim
470 1669 622 1707 bellum
649 1675 712 1707 est
739 1675 940 1716 exortum,
966 1671 1031 1708 hic
1055 1684 1137 1721 pax
1163 1678 1406 1716 consecuta3

220 1740 292 1778 sed
311 1746 452 1778 tamen
471 1740 666 1778 eiusmodi
683 1752 778 1790 pax,
796 1742 839 1777 in
858 1753 951 1791 qua,
970 1742 1003 1778 si
1022 1740 1197 1787 adesses,
1215 1741 1344 1780 multa
1361 1747 1405 1780 te

219 1823 300 1848 non
315 1809 567 1848 delectarent
585 1822 595 1855 ;
626 1823 675 1847 ea
689 1815 841 1854 tamen,
858 1823 962 1860 quae
978 1823 1030 1848 ne
1044 1813 1176 1861 ipsum
1192 1811 1403 1850 Caesarem

585 1930 602 1947 ⁰
625 1925 691 1959 See
709 1929 790 1960 note
805 1929 842 1959 to
858 1928 917 1959 xii.
938 1930 990 1959 ll.
1011 1930 1041 1960 1.

224 1981 299 2015 584
