1448 2236
684 58 885 97 CICERO

189 157 354 206 quidem
370 158 591 198 delectant.
643 160 845 199 Bellorum
862 164 970 200 enim
985 162 1159 200 civilium
1174 165 1202 200 ii
1218 176 1376 213 semper

190 213 322 247 exitus
344 218 451 257 sunt,
473 219 520 250 ut
540 227 621 251 non
642 227 691 252 ea
711 215 839 252 solum
861 215 974 261 fiant,
995 229 1099 267 quae
1121 216 1218 254 velit
1238 219 1376 261 victor,

188 264 260 301 sed
281 267 404 302 etiam
424 272 470 304 ut
487 269 535 304 iis
555 280 640 305 mos
659 269 860 319 gerendus
881 272 946 315 sit,
964 270 1108 320 quibus
1129 270 1375 308 adiutoribus

188 319 241 355 sit
256 324 374 367 parta
391 322 568 358 victoria.
622 321 823 372 Equidem
839 325 895 360 sic
910 325 991 360 iam
1008 324 1192 369 obdurui,
1209 329 1256 361 ut
1271 323 1375 361 ludis

189 370 370 410 Caesaris
383 376 508 411 nostri
521 378 761 425 aequissimo
774 378 907 414 animo
919 377 1099 415 viderem
1109 376 1156 414 T.
1170 376 1375 422 Plancum,

188 425 369 463 audirem
391 426 538 464 Laberi
559 434 602 466 et
623 428 767 466 Publili
787 436 991 480 poemata.
1045 429 1153 467 Nihil
1172 430 1270 467 mihi
1288 436 1375 468 tam

187 478 330 517 deesse
346 483 459 525 scito,
477 494 599 531 quam
616 484 777 533 quicum
793 483 893 521 haec
908 482 1160 522 familiariter
1175 484 1374 534 docteque

187 532 355 570 rideam.
410 534 449 571 Is
469 540 515 572 tu
536 538 626 580 eris,
646 538 679 574 si
699 550 821 587 quam
839 539 1015 587 primum
1033 539 1203 575 veneris.
1255 537 1375 584 Quod

187 590 234 622 ut
261 584 398 632 facias,
426 601 506 626 non
534 602 627 626 mea
655 590 796 635 solum,
825 591 897 629 sed
926 593 1051 628 etiam
1078 596 1152 628 tua
1178 593 1374 629 interesse

186 639 369 678 arbitror.

731 751 831 788 XIX

520 864 567 891 M.
585 866 623 891 Τ.
642 867 676 891 C.
695 866 727 892 S.
747 867 786 892 D.
805 866 1033 893 CORNIFICIO

599 949 746 988 Romae,
763 960 868 982 aas-c.
887 952 964 983 Ι708.

148 1036 166 1070 1
238 1032 523 1071 Libentissime
551 1034 631 1086 legi
661 1040 752 1072 tuas
780 1034 964 1080 litteras3
1000 1038 1042 1072 in
1069 1036 1214 1087 quibus
1234 1037 1371 1073 iucun-

185 1086 392 1124 dissimum
410 1087 508 1124 mihi
527 1086 618 1132 fuit,
638 1088 746 1138 quod
764 1091 932 1139 cognovi
957 1102 1068 1126 meas
1094 1090 1168 1127 tibi
1193 1089 1371 1127 redditas

185 1152 286 1177 esse.
340 1140 430 1178 Non
459 1143 566 1178 enim
595 1142 845 1186 dubitabam,
866 1145 963 1193 quin
992 1156 1059 1180 eas
1086 1142 1276 1180 lubenter
1290 1141 1371 1180 lec-

184 1198 298 1231 turus
315 1207 435 1232 esses.
482 1194 675 1240 Verebar,
691 1201 737 1233 ut
752 1196 1032 1234 redderentur.
1079 1195 1248 1239 Bellum,
1263 1195 1372 1246 quod

184 1252 247 1284 est
283 1250 326 1284 in
362 1247 490 1298 Syria,
523 1247 760 1299 Syriamque
793 1252 1037 1299 provinciam
1069 1250 1143 1287 tibi
1176 1250 1370 1287 tributam

184 1313 271 1338 esse
303 1314 326 1338 a
357 1301 543 1346 Caesare,
574 1315 625 1339 ex
655 1305 735 1340 tuis
764 1302 909 1340 litteris
940 1305 1120 1354 cognovi.
1172 1302 1370 1341 Eamdem

183 1367 268 1391 rem
287 1355 361 1392 tibi
379 1354 468 1393 volo
487 1355 592 1393 bene
612 1360 655 1393 et
672 1354 844 1394 feliciter
862 1359 1022 1394 evenire
1041 1368 1051 1401 ;
1083 1356 1192 1406 quod
1208 1358 1267 1394 ita
1283 1354 1369 1393 fore

143 1411 165 1443 2
183 1407 353 1452 confido,
382 1407 510 1446 fretus
541 1414 583 1446 et
611 1409 808 1447 industria
837 1414 880 1447 et
907 1410 1124 1459 prudentia
1151 1414 1237 1448 tua.
1289 1408 1370 1447 Sed

183 1461 235 1498 de
267 1460 443 1498 Parthici
474 1462 568 1499 belli
601 1465 824 1513 suspicione
857 1463 966 1514 quod
996 1463 1146 1508 scribis,
1176 1475 1273 1501 sane
1303 1475 1369 1500 me

181 1517 410 1552 commovit.
464 1514 673 1561 Quantum
706 1518 910 1566 copiarum
944 1516 1127 1561 haberes,
1160 1529 1252 1554 cum
1283 1518 1369 1566 ipse

181 1570 412 1605 coniectura
445 1571 635 1619 consequi
668 1575 867 1618 poteram,
902 1575 991 1607 tum
1025 1582 1076 1607 ex
1110 1572 1190 1607 tuis
1222 1569 1368 1607 litteris

232 1682 248 1698 ⁰
274 1679 452 1720 Probably
467 1679 527 1711 the
541 1678 636 1711 Ludi
660 1678 830 1712 Victoriae
850 1679 1012 1712 Caesari-5
1026 1679 1109 1712 held
1128 1681 1165 1712 in
1186 1679 1295 1722 Sept„
1311 1682 1368 1718 46.

185 1722 221 1754 in
238 1722 352 1755 which
368 1732 448 1754 case
463 1722 532 1754 this
548 1722 648 1754 letter
663 1725 758 1755 must
772 1722 862 1755 have
875 1722 965 1755 been
977 1723 1113 1755 written
1128 1724 1165 1755 in
1179 1722 1258 1756 that
1273 1734 1366 1766 year.
1438 1704 1448 1729 '³

235 1764 247 1784 ¹²
271 1765 312 1797 T.
338 1765 523 1798 Munatius
550 1765 700 1798 Plancus
728 1765 853 1804 Bursa,
886 1764 1038 1798 Cicero’s
1060 1766 1129 1799 ὁέίο
1150 1766 1261 1799 noire.
1310 1765 1367 1808 Of.

184 1809 243 1839 vii.
261 1810 294 1840 2.
311 1810 332 1840 2
350 1807 423 1840 and
439 1809 510 1840 viii.
532 1811 561 1840 1.
579 1811 611 1840 5.

236 1854 247 1869 ⁶
272 1850 439 1883 Decimus
471 1851 643 1884 Laberius
674 1861 745 1883 was
775 1861 797 1882 a
828 1849 960 1893 knight
989 1850 1106 1884 whom
1137 1850 1267 1884 Caesar
1296 1850 1367 1884 had
1430 1864 1431 1870 ¹

186 1892 332 1925 ordered
346 1897 382 1926 to
395 1897 452 1926 act
465 1895 501 1926 in
514 1894 567 1926 his
581 1904 659 1926 own
674 1895 796 1926 mimes
810 1895 845 1925 in
858 1894 1086 1936 competition
1100 1894 1183 1927 with
1197 1893 1368 1928 Publilius

187 1935 309 1978 Syrus.
357 1936 502 1978 Tyrrell.

188 1986 264 2025 586
