1448 2236
670 83 871 123 CICERO

134 190 155 222 2
174 185 446 238 Quamquam,
470 189 546 225 nisi
569 201 635 226 me
660 187 842 234 fallebat,
866 201 930 227 res
953 201 998 227 se
1021 191 1077 227 sic
1100 188 1294 234 habebat,
1316 193 1364 226 ut

172 259 299 295 totius
316 256 411 295 belli
428 270 547 296 omne
565 258 778 296 discrimen
793 261 835 296 in
851 258 905 296 D.
922 258 1048 297 Bruto
1062 261 1239 309 positum
1255 258 1363 297 vide-

173 332 287 365 retur
304 339 314 372 ;
346 330 416 378 qui
432 330 479 373 si,
497 333 544 366 ut
561 329 836 379 sperabamus,
855 331 1053 380 erupisset
1072 328 1248 374 Mutina,
1265 327 1364 366 nihil

174 397 269 435 belli
298 397 499 449 reliquum
528 397 614 437 fore
645 399 871 437 videbatur.
925 398 1060 437 Parvis
1091 401 1253 437 omnino
1281 401 1363 436 iam

173 470 296 518 copiis
317 469 592 513 obsidebatur,
618 470 727 520 quod
746 481 894 521 magno
919 469 1118 520 praesidio
1143 469 1363 508 Bononiam

175 538 346 576 tenebat
385 539 599 577 Antonius.
653 539 754 577 Erat
793 545 932 578 autem
972 538 1187 578 Claternae
1226 545 1364 578 noster

175 607 344 654 Hirtius,
373 609 425 647 ad
453 609 599 647 Forum
627 609 855 647 Cornelium
884 609 1045 655 Caesar,
1072 615 1245 661 uterque
1271 622 1365 647 cum
1415 621 1428 657 ς

174 678 289 716 firmo
312 682 521 724 exercitu;
556 693 806 731 magnasque
828 679 982 718 Romae
1004 679 1135 718 Pansa
1155 681 1289 730 copias
1311 692 1364 717 ex
1418 668 1427 715 ’Ξ

175 748 338 787 delectu
362 748 506 787 Italiae
530 755 796 800 compararat.
850 749 991 788 Hiems
1015 750 1146 788 adhuc
1167 763 1255 788 rem
1277 751 1363 801 geri

174 819 449 869 prohibuerat.
503 819 658 858 Hirtius
683 819 782 857 nihil
806 822 880 858 nisi
905 820 1170 866 considerate,
1194 825 1242 858 ut
1265 819 1363 857 mihi

173 890 321 927 crebris
339 889 485 928 litteris
503 890 716 941 significat,
736 896 897 928 aeturus
916 891 1142 928 videbatur.
1195 889 1363 927 Praeter
1423 874 1429 917 ξ

173 958 408 1005 Bononiam,
432 959 606 1011 Regium
630 959 787 1010 Lepidi,
811 959 1012 1006 Parmam,
1035 965 1167 999 totam
1190 959 1362 997 Galliam
1413 981 1428 1031 ⁴

174 1030 428 1075 tenebamus,
449 1030 780 1068 studiosissimam
801 1030 1059 1080 reipublicae.
1111 1029 1217 1068 Tuos
1238 1032 1362 1067 etiam
1418 1034 1424 1038 ¹

173 1099 342 1137 clientes
362 1099 669 1150 Transpadanos
690 1100 855 1138 mirifice
876 1103 1109 1138 coniunctos
1129 1112 1222 1138 cum
1242 1112 1363 1137 causa

174 1169 436 1207 habebamus.
490 1170 591 1208 Erat
609 1169 854 1208 firmissimus
873 1175 1052 1215 senatus,
1071 1171 1252 1220 exceptis
1270 1182 1362 1207 con·

174 1239 370 1277 sularibus
388 1251 398 1284 ;
441 1252 491 1277 ex
529 1240 673 1290 quibus
711 1253 813 1278 unus
851 1239 899 1278 L.
937 1239 1086 1278 Caesar
1122 1239 1257 1277 firmus
1299 1243 1363 1277 est
1446 1286 1448 1289 ι

135 1315 154 1347 3
174 1315 217 1347 et
245 1315 392 1347 rectus.
445 1309 531 1347 Ser.
560 1309 708 1360 Sulpici
736 1315 867 1348 morte
895 1323 1089 1361 magnum
1116 1309 1361 1360 praesidium
1427 1295 1448 1337 ..ἶ

172 1382 389 1417 amisimus.
444 1376 602 1430 Reliqui
626 1382 775 1429 partim
799 1382 964 1425 inertes,
989 1381 1138 1430 partim
1162 1379 1361 1429 improbi3
1436 1362 1448 1378 ζ

173 1449 351 1486 nonnulli
387 1449 570 1487 invident
608 1462 746 1487 eorum
782 1449 905 1495 laudi,
942 1462 1042 1501 quos
1078 1451 1121 1486 in
1156 1447 1362 1499 republica

172 1519 333 1569 probari
345 1518 498 1556 vident.
553 1518 695 1569 Populi
707 1532 801 1557 vero
814 1518 986 1557 Romani
997 1521 1205 1570 totiusque
1218 1517 1362 1556 Italiae

172 1591 274 1626 mira
293 1590 500 1626 consensio
521 1593 597 1626 est.
651 1588 765 1627 Haec
786 1594 903 1627 erant
922 1587 1023 1634 fere,
1044 1601 1149 1640 quae
1169 1588 1245 1626 tibi
1265 1593 1363 1626 nota

174 1671 261 1696 esse
284 1658 442 1696 vellem.
496 1657 611 1696 Nunc
634 1663 773 1696 autem
795 1664 906 1708 opto,
929 1664 976 1696 ut
999 1659 1051 1696 ab
1072 1660 1159 1696 istis
1182 1656 1362 1696 Orientis

172 1728 354 1779 partibus
376 1730 534 1766 virtutis
557 1733 654 1766 tuae
674 1727 812 1765 lumen
833 1727 1006 1766 eluceat,
1058 1726 1172 1765 Vale.

269 1844 283 1859 ⁰
310 1839 400 1872 Now
417 1838 621 1879 Quaderna,
638 1838 750 1871 about
768 1840 809 1871 10
825 1837 924 1871 miles
941 1837 1024 1871 S.E.
1041 1837 1082 1871 of
1095 1837 1268 1871 Bononia.

317 1882 330 1902 ¹³
355 1882 447 1915 Now
464 1881 588 1920 Imola,
606 1892 704 1914 some
723 1883 763 1914 13
780 1881 879 1914 miles
897 1881 979 1914 S.E.
996 1881 1037 1914 of
1050 1880 1225 1914 Claterna.

360 1930 373 1945 ⁶
397 1925 430 1957 A
446 1928 541 1957 town
559 1924 598 1957 of
612 1925 671 1957 the
690 1924 767 1956 Boii
784 1925 820 1956 in
837 1924 956 1957 Gallia
971 1923 1162 1966 Cisalpina.

326 1967 342 1987 α
366 1968 458 2000 Who
474 1967 546 2000 had
562 1966 644 2000 died
661 1978 708 2000 on
723 1967 788 2007 the>
800 1967 966 2009 embassy
981 1970 1018 2000 to
1034 1966 1193 2008 Antony.

175 2024 251 2059 532
