1448 2236
657 91 858 132 CICERO

163 208 298 234 meam
330 197 406 235 tibi
438 199 621 248 ignotam
655 210 743 236 esse
776 196 980 243 nolebam,
1011 198 1124 235 cuius
1157 201 1221 235 est
1253 194 1354 234 haec

164 263 334 296 summa,
361 255 408 289 ut
433 253 570 289 omnia
593 256 638 289 te
663 253 799 290 metiri
823 251 1027 302 dignitate
1052 249 1205 295 malim,
1230 262 1354 300 quam

165 305 401 349 ambitione,
443 307 721 356 maioremque
764 303 941 343 fructum
983 317 1136 355 ponere
1179 306 1222 341 in
1263 315 1355 353 per-

162 360 370 409 petuitate
382 357 526 404 laudis,
541 371 663 409 quam
677 360 719 396 in
731 358 943 397 celeritate
956 363 1187 409 praeturae.
1240 355 1355 394 Haec

164 411 310 449 eadem
335 411 494 450 locutus
522 425 611 449 sum
638 412 747 450 domi
780 425 911 457 meae,
939 411 1120 450 adhibito
1148 409 1200 458 Q.
1227 408 1353 448 fratre

163 478 256 503 meo
284 470 328 503 et
354 465 528 503 Caecina
556 471 599 504 et
625 465 809 512 Calvisio,
836 465 1134 504 studiosissimis
1159 465 1236 509 tui,
1261 475 1352 501 cum

96 535 98 537 ·
164 518 394 564 Dardanus,
422 519 592 557 libertus
620 525 729 565 tuus,
757 522 988 558 interesset.
1041 518 1240 557 Omnibus
1263 529 1354 567 pro-

163 572 251 611 bari
270 573 485 612 videbatur
502 576 631 612 oratio
649 586 755 612 mea.
808 572 891 612 Sed
908 578 955 612 tu
973 574 1128 624 optime
1145 571 1352 610 iudicabis.

690 823 827 862 XXVI

469 939 516 966 Μ.
543 940 682 966 CICERO
710 940 741 965 S.
770 940 809 965 D.
838 940 872 965 C.
899 938 1062 965 mmmm

578 1022 726 1062 Romae,
743 1033 850 1055 A.u.c.
868 1024 946 1056 711.
1440 1028 1448 1054 1

131 1115 145 1147 1
219 1108 355 1147 Lectis
384 1110 466 1147 tuis
495 1108 656 1155 litteris,
685 1108 831 1159 quibus
860 1107 1107 1152 declarabas,
1137 1111 1209 1144 aut
1237 1107 1354 1144 omit—

165 1163 311 1201 tendos
338 1162 636 1207 Narbonenses,
662 1168 734 1200 aut
758 1175 850 1200 cum
871 1160 1050 1212 periculo
1068 1159 1354 1204 dimicandum,

164 1217 264 1255 illud
291 1219 420 1267 magis
448 1218 580 1261 timui,
607 1216 718 1266 quod
744 1218 919 1254 vitatum
945 1228 1027 1253 non
1053 1213 1225 1252 moleste
1251 1211 1352 1251 fero.

166 1270 287 1320 Quod
309 1270 361 1308 de
385 1269 522 1308 Planci
545 1275 589 1308 et
609 1269 725 1307 Bruti
747 1268 960 1307 concordia
981 1268 1132 1313 scribis,
1153 1269 1197 1305 in
1219 1279 1267 1305 eo
1289 1265 1355 1304 vel

165 1326 385 1361 maximam
399 1336 514 1374 spem
526 1336 633 1374 pono
647 1325 851 1361 victoriae.
905 1322 971 1360 De
985 1321 1192 1359 Gallorum
1205 1319 1353 1365 studio,

165 1391 238 1416 nos
257 1377 473 1428 aliquando
491 1390 791 1428 cognoscemus,
809 1381 857 1414 ut
874 1376 1026 1421 scribis,
1042 1377 1154 1413 euius
1171 1373 1214 1412 id
1230 1385 1355 1424 opera

165 1433 343 1469 maxime
375 1433 598 1469 excitatum
635 1433 701 1468 sit.
754 1429 836 1468 Sed
870 1432 966 1475 iam,
993 1428 1092 1466 mihi
1127 1427 1262 1472 crede,
1289 1439 1354 1464 eo-

166 1487 390 1536 gnovimus.
416 1484 562 1535 Itaque
574 1483 868 1522 iucundissimis
879 1485 960 1521 tuis
971 1482 1118 1521 litteris
1130 1479 1354 1520 stomacha-

165 1544 234 1577 tus
261 1551 351 1576 sum
378 1541 421 1575 in
451 1543 647 1576 extremo.
701 1537 847 1575 Scribis
877 1539 999 1582 enim,
1027 1538 1060 1574 si
1087 1537 1130 1573 in
1157 1533 1353 1573 Sextilem

216 1688 232 1704 ⁰
257 1684 291 1716 It
309 1685 338 1716 is
357 1684 540 1716 uncertain
558 1682 713 1715 whether
732 1681 801 1714 this
820 1692 892 1714 was
912 1680 1063 1714 Cicero's
1082 1677 1354 1721 correspondent

169 1726 286 1803 (vi.A5.
311 1726 346 1768 6)
370 1737 410 1759 or
431 1726 485 1759 his
512 1736 587 1765 son,
611 1723 813 1758 mentioned
835 1734 875 1757 as
897 1735 920 1757 a
941 1722 1056 1757 friend
1083 1722 1123 1756 of
1149 1721 1352 1756 Octavian’s
1420 1727 1421 1730 ’

169 1772 206 1803 in
260 1773 300 1802 tt.
316 1771 385 1802 xvi.
403 1771 435 1802 8.

218 1812 232 1833 ⁶
257 1812 436 1854 Probably
453 1814 514 1845 not
528 1811 589 1844 the
605 1810 776 1844 Calvisius
792 1810 909 1843 whom
925 1809 1073 1851 Antony
1089 1811 1166 1842 sent
1180 1810 1218 1841 to
1234 1817 1353 1849 super-

169 1855 252 1889 sede
268 1855 475 1889 Cornificius
491 1856 527 1888 in
542 1854 676 1894 Africa,
691 1854 758 1887 but
771 1853 919 1886 another
934 1863 1018 1885 man
1033 1851 1240 1894 altogether,
1256 1860 1351 1883 men-

169 1898 289 1932 tioned
304 1898 392 1931 later
409 1899 445 1931 in
461 1909 494 1930 x.
511 1900 566 1930 26.
583 1900 616 1931 3.

219 1946 232 1962 ⁶
255 1942 323 1980 i.e.,
340 1940 457 1975 Gallia
473 1940 722 1974 Narbonensis.
769 1939 846 1972 The
861 1939 1034 1972 reference
1049 1939 1078 1971 is
1092 1937 1250 1971 obscure.

217 1984 232 2004 '³
256 1984 378 2017 Cicero
397 1984 491 2017 hints
510 1984 588 2016 that
608 1985 635 2016 it
653 1993 725 2016 was
745 1981 897 2015 Furnius
917 1980 1068 2020 himself,
1088 1979 1161 2013 and
1179 1977 1353 2013 therefore

171 2040 248 2075 882
