1448 2236
689 83 891 123 CICERO

196 191 346 232 essent,
382 187 415 224 si
452 185 558 225 forte
594 189 676 224 mei
717 187 1001 238 obtemperare
1037 189 1136 227 mihi
1172 188 1384 228 voluerint.

195 246 315 293 Quod
350 249 383 284 si
419 247 582 285 litterae
619 247 801 298 perlatae
837 262 919 287 non
954 255 1063 295 sunt,
1106 263 1188 288 non
1228 250 1384 296 dubito,

202 310 300 359 quin
353 307 579 354 Dolabella,
637 312 719 360 qui,
776 309 931 348 nefarie
986 309 1187 350 Trebonio
1242 314 1384 357 occiso,

194 369 334 407 Asiam
377 373 601 420 occupavit,
643 371 874 410 tabellarios
916 385 1028 411 meos
1070 373 1385 423 deprehenderit

155 434 176 466 2
194 429 433 482 litterasque
470 435 746 483 interceperit.
798 433 1011 472 Exercitus
1048 447 1202 480 omnes,
1238 436 1307 485 qui
1342 436 1384 472 in

194 491 309 543 Syria
339 491 467 538 fuere,
498 499 634 532 teneo.
688 494 824 532 Habui
854 494 1076 545 paullulum
1105 508 1256 541 morae,
1287 496 1383 534 dum

192 557 386 604 promissa
397 555 589 594 militibus
601 555 797 606 persolvo.
834 555 950 594 Nunc
961 559 1043 594 iam
1054 570 1143 595 sum
1156 557 1381 608 expeditus.

193 615 232 653 A
256 621 299 654 te
323 621 435 666 peto,
460 622 507 655 ut
531 617 776 668 dignitatem
799 630 934 656 meam
959 618 1284 657 commendatam
1308 619 1382 656 tibi

192 676 357 723 habeas,
369 681 402 716 si
414 692 480 716 me
491 679 694 730 intellegis
706 679 860 717 nullum
872 692 1005 731 neque
1017 679 1238 731 periculum
1249 692 1383 731 neque

193 738 372 778 laborem
387 743 546 791 patriae
563 741 802 793 denegasse,
818 743 851 779 si
868 747 1008 779 contra
1023 744 1382 792 importunissimos

191 799 368 839 latrones
400 815 512 840 arma
541 805 630 853 cepi
661 808 704 841 te
735 802 926 841 hortante
956 808 1001 841 et
1031 809 1209 849 auctore,
1238 805 1272 841 si
1301 815 1382 841 non

192 862 320 900 solum
347 866 548 902 exercitus
577 865 629 902 ad
655 864 945 915 rempublicam
971 864 1286 918 libertatemque
1312 864 1382 902 de-

191 922 439 963 fendendam
456 929 699 976 comparavi,
715 926 788 964 sed
806 928 931 964 etiam
948 925 1228 965 crudelissimis
1244 931 1381 978 tyran-

192 988 252 1024 nis
279 989 421 1037 eripui,
444 1000 543 1038 quos
571 989 604 1025 si
632 993 869 1038 occupasset
898 987 1124 1033 Dolabella,
1145 1001 1227 1026 non
1252 987 1380 1026 solum

193 1048 385 1094 adventu,
409 1049 483 1087 sed
507 1051 632 1087 etiam
657 1052 845 1100 opinione
871 1055 914 1087 et
939 1052 1243 1100 exspectatione
1268 1062 1382 1087 exer·

153 1115 173 1147 3
191 1112 294 1148 citus
341 1113 402 1148 sui
448 1110 672 1149 Antonium
719 1111 1008 1149 confirmasset.
1061 1110 1172 1158 Quas
1218 1111 1271 1149 ob
1316 1123 1380 1148 τω

191 1170 339 1210 milites
370 1177 501 1218 tuere,
531 1175 564 1210 si
600 1186 667 1211 eos
703 1173 868 1210 mirifice
899 1173 951 1211 de
981 1172 1187 1223 republica
1215 1174 1380 1210 meritos

193 1246 280 1271 esse
300 1234 601 1281 animadvertis,
622 1240 665 1272 et
690 1235 816 1280 effice,
836 1247 887 1272 ne
908 1247 1030 1285 quem
1048 1236 1260 1285 poeniteat
1277 1246 1382 1271 rem·
1446 1248 1448 1250 ·

190 1294 393 1345 publicam
423 1309 545 1346 quam
574 1309 689 1346 spem
721 1296 899 1346 praedae
932 1301 976 1334 et
1007 1298 1239 1346 rapinarum
1266 1297 1380 1346 sequi

190 1356 392 1395 maluisse.
446 1357 554 1395 Item
586 1357 718 1395 Murci
748 1363 791 1396 et
821 1357 948 1408 Crispi
977 1360 1266 1407 imperatorum
1295 1357 1381 1408 dig-

191 1421 379 1464 nitatem,
414 1425 613 1470 quantum
648 1425 711 1457 est
746 1422 788 1456 in
823 1425 880 1464 te,
914 1425 1045 1457 tuere.
1097 1418 1203 1456 Nam
1235 1417 1382 1456 Bassus
1444 1438 1448 1472 ἦ

190 1482 336 1517 misere
376 1480 504 1518 noluit
543 1481 642 1518 mihi
679 1481 882 1532 legionem
920 1480 1097 1519 tradere.
1149 1479 1268 1527 Quod
1306 1482 1379 1517 nisi

190 1540 338 1580 milites
367 1544 493 1579 invito
523 1555 572 1580 eo
599 1542 756 1593 legatos
786 1542 839 1580 ad
866 1555 932 1580 me
960 1544 1176 1587 misissent,
1204 1541 1378 1579 clausam
1443 1548 1448 1557 “

191 1602 419 1652 Apameam
462 1605 675 1648 tenuisset,
721 1603 855 1654 quoad
898 1606 936 1641 vi
981 1608 1089 1641 esset
1133 1607 1379 1654 expugnata.

191 1663 306 1702 Haec
339 1678 363 1702 a
395 1670 439 1703 te
471 1670 569 1716 peto
602 1678 683 1702 non
717 1664 845 1702 solum
877 1665 1136 1715 reipublicae,
1153 1674 1274 1716 'quae
1307 1663 1381 1702 tibi

190 1738 352 1776 semper
380 1725 459 1764 fuit
487 1729 703 1771 carissima,
733 1726 806 1764 sed
835 1728 960 1763 etiam
990 1728 1191 1763 amicitiae
1219 1730 1380 1763 nostrae

235 1872 252 1891 ⁶
274 1870 340 1903 His
356 1870 462 1903 claim
478 1873 515 1904 to
530 1870 576 1933 lge
591 1869 758 1912 fot-mally
765 1869 965 1945 agpointed
981 1879 1155 1912 governor
1171 1868 1212 1902 of
1224 1868 1340 1911 Syria.

269 1956 408 1999 ‘Sixty
425 1956 523 1989 miles
539 1956 576 1989 S.
579 1914 699 1990 gul->31¹
726 1912 1032 1994 ntioclpfflggiffltll‘ss
1046 1956 1136 1988 river
1151 1954 1315 1988 Orontes.

195 2012 269 2046 548
