1448 2236
673 65 875 105 CICERO

177 174 250 207 tua
267 151 312 207 et
328 171 451 219 ipsius
469 175 514 207 et
530 172 572 207 in
588 171 726 220 primis
744 183 837 208 mea
853 183 975 208 causa
990 171 1164 222 gaudeo.
1217 170 1365 209 Fratris

178 225 286 260 enim
303 222 390 261 loeo
409 223 507 260 mihi
526 229 602 268 est,
622 226 691 274 qui
710 236 760 261 ex
780 229 824 262 te
843 229 963 262 natus
981 229 1106 275 teque
1125 224 1270 276 dignus
1289 230 1366 263 est.

177 275 291 314 Vale.
344 276 398 314 D.
416 289 471 315 1v.
492 277 666 316 Kalend.
685 277 774 315 Iun.
794 277 964 329 Pergae.

734 430 811 468 XV

175 545 215 572 P.
245 545 444 571 LENTULUS
475 547 513 572 P.
544 547 581 572 1³¹.
612 546 729 576 PROQ.
761 547 905 572 PROPR.
935 547 968 573 S.
999 547 1040 573 D.
1069 547 1171 574 COSS.
1200 545 1367 573 PRAE'H‘.

432 599 567 625 TRIBB.
586 600 646 626 PL.
665 600 751 626 SEN.
769 600 807 626 P.
826 601 863 625 P.
882 600 920 630 Q.
939 601 979 626 R.

593 683 738 725 Pergae,
756 693 863 716 A.u.c.
881 685 958 716 ⁷11.

139 773 158 806 1
229 767 580 806 S.v.l.v.v.b.e.e.v.
619 768 779 806 Scelere
795 767 1032 806 Dolabellae
1051 781 1243 819 oppressa
1256 768 1366 813 Asia,

177 824 219 860 in
247 824 472 872 proximam
500 824 744 871 provinciam
775 821 1059 860 Macedoniam
1086 822 1366 872 praesidiaque

177 875 436 925 reipublicae,
452 888 557 926 quae
574 875 635 913 M.
650 875 812 920 Brutus,
825 888 899 913 v.c.
918 875 1103 920 tenebat,
1117 888 1183 913 me
1203 875 1367 920 contuli,

180 934 223 967 et
237 929 278 967 id
294 932 373 979 egi,
388 934 447 974 ut,
459 942 532 978 per
547 942 646 979 quos
662 928 870 966 celerrime
884 934 1036 979 posset,
1050 929 1148 966 Asia
1165 931 1368 979 provincia

178 982 475 1033 vectigaliaque
509 985 552 1019 in
587 988 763 1020 vestram
793 988 1043 1032 potestatem
1073 982 1366 1033 redigerentur.

179 1035 300 1083 Quod
318 1049 410 1073 cum
428 1038 706 1086 pertimuisset
725 1035 950 1081 Dolabella,
970 1041 1130 1074 vastata
1152 1038 1368 1086 provincia,

178 1092 372 1139 correptis
387 1089 665 1140 vectigalibus,
679 1092 895 1139 praecipue
910 1090 1061 1127 civibus
1076 1088 1266 1127 Romanis
1285 1102 1369 1127 om-

180 1143 298 1180 nibus
310 1143 583 1180 crudelissime
596 1143 811 1181 denudatis
825 1156 871 1180 ac
883 1142 1368 1193 divenditis,celeriusque

180 1197 278 1234 Asia
290 1199 542 1241 excessisset,
551 1209 674 1247 quam
687 1210 735 1234 eo
747 1197 991 1247 praesidium
1000 1196 1145 1234 adduci
1156 1198 1368 1247 potuisset,

180 1251 331 1288 diutius
346 1253 493 1287 morari
509 1256 581 1288 aut
596 1256 834 1300 exspectare
849 1250 1094 1300 praesidium
1109 1263 1191 1287 non
1205 1262 1369 1288 necesse

180 1303 303 1341 habui
328 1309 371 1341 et
395 1317 517 1354 quam
539 1306 714 1354 primum
738 1304 790 1342 ad
812 1317 949 1341 meum
971 1303 1143 1340 officium
1165 1308 1370 1341 reverten-

181 1357 278 1395 dum
294 1357 392 1394 mihi
409 1370 496 1394 esse
514 1359 753 1402 existimavi,
769 1362 816 1395 ut
832 1363 876 1395 et
890 1356 1045 1407 reliqua
1059 1355 1273 1408 vectigalia
1288 1358 1371 1394 exi-

181 1423 322 1461 gerem
342 1416 398 1455 et,
419 1423 541 1461 quam
561 1411 729 1461 deposui
748 1413 976 1461 pecuniam,
994 1409 1238 1461 colligerem,
1258 1409 1371 1460 quid-

182 1476 262 1514 que
282 1476 334 1501 ex
353 1476 402 1501 ea
420 1470 650 1514 correptum
670 1470 779 1502 esset
807 1470 878 1502 aut
907 1477 1076 1515 quorum
1101 1463 1144 1501 id
1168 1463 1286 1513 culpa
1308 1476 1372 1501 ac-

233 1562 248 1578 ⁰
272 1543 557 1600 Having'ceased
573 1561 610 1591 to
625 1558 670 1591 be
685 1562 850 1600 quaestor
865 1562 904 1591 at
917 1558 978 1591 the
992 1557 1061 1591 end
1077 1557 1117 1590 of
1128 1559 1185 1596 44,
1201 1556 1373 1591 Lentulus

186 1611 259 1634 was
282 1612 361 1634 now
384 1602 525 1643 serving
547 1612 587 1634 as
610 1605 852 1643 proquaestor‚
877 1602 932 1634 his
955 1611 1134 1634 successor
1155 1603 1220 1633 not
1241 1600 1374 1643 having

186 1644 276 1678 been
293 1647 354 1686 yet
369 1643 574 1686 appointed.

234 1687 247 1707 ⁶
273 1686 375 1720 After
391 1687 452 1720 the
470 1686 611 1720 murder
628 1686 668 1719 of
680 1686 878 1719 Trebonius
894 1686 954 1719 the
971 1685 1102 1719 Senate
1118 1684 1298 1718 entrusted
1314 1685 1375 1719 the
1444 1694 1448 1719 ἒ

188 1731 355 1772 province
378 1732 416 1763 to
439 1730 500 1763 the
523 1729 687 1767 consuls;
724 1740 764 1763 as
788 1730 878 1762 their
903 1729 1037 1770 leyatus
1061 1727 1234 1761 Lentulus
1257 1728 1375 1761 would
1443 1726 1448 1744 ³

189 1773 375 1815 discharge
392 1773 582 1815 praetorial
598 1773 787 1812 functions‚
806 1772 860 1805 his
879 1771 1007 1804 official
1022 1771 1099 1804 title
1115 1771 1224 1814 being
1242 1771 1375 1814 loqutus
1440 1803 1448 1812 ‚

186 1827 253 1858 pro
266 1819 437 1858 praetore.

238 1864 251 1879 ⁶
275 1858 661 1892 s.v.l.v.v.b.e.e.v.=Si
690 1869 752 1892 vos
782 1857 954 1900 liberique
983 1859 1090 1891 vestri
1119 1856 1254 1896 valetis,
1286 1856 1377 1891 bene

190 1904 266 1938 θεὶς
292 1913 359 1943 ego
374 1901 486 1934 valeo.
1149 1909 1152 1912 ’

238 1943 254 1963 ‘³
276 1955 342 1977 v.c.
353 1946 444 1978 :vir
459 1944 684 1978 clarissimus.

195 1994 272 2035 566
