1430 2242
696 42 896 82 CICERO
957 39 961 42 ’

202 143 357 183 fuisset.
411 145 703 184 Verumtamen
737 147 955 198 (rideamus
988 147 1111 194 licet3
1159 162 1248 188 sum
1281 153 1388 190 enim

201 220 226 244 a
243 213 287 244 te
305 207 514 259 invitatus)
533 220 543 253 3
575 209 811 247 subinvideo
828 210 917 255 tibi,
935 210 1040 249 ultro
1057 217 1101 249 te
1120 214 1244 250 etiam
1261 226 1390 252 arces-

201 271 324 307 situm
344 270 396 308 ab
418 283 480 316 eo,
501 270 554 308 ad
573 283 696 321 quem
715 273 854 317 ceteri,
875 285 956 311 non
974 279 1141 324 propter
1159 275 1388 325 superbiam

203 334 301 377 eius,
319 332 392 370 sed
408 338 575 383 propter
593 336 899 385 occupationem
915 337 1091 386 aspirare
1109 349 1191 374 non
1206 343 1388 387 possunt.

161 398 182 430 2
201 392 282 432 Sed
309 399 356 432 tu
384 397 425 431 in
452 397 531 433 ista
560 395 732 445 epistula
759 395 857 435 nihil
885 396 983 435 mihi
1010 400 1200 448 scripsisti
1228 399 1280 437 de
1308 402 1387 438 tuis

200 456 334 502 rebus,
359 469 464 506 quae
489 456 719 495 mehercule
743 457 840 496 mihi
864 472 946 496 non
969 462 1111 497 minori
1136 474 1255 498 curae
1280 467 1387 507 sunt,

201 530 324 568 quam
349 531 479 556 meae.
533 518 661 557 Valde
687 525 840 565 metuo,
866 533 919 558 ne
943 519 1092 572 frigeas
1117 524 1160 559 in
1184 521 1387 568 hibernis3

200 580 465 630 quamobrem
479 583 635 618 camino
650 580 854 620 luculento
870 583 1067 621 utendum
1082 597 1227 622 censeo
1241 596 1251 630 3
1279 585 1387 624 idem

202 640 339 679 Mucio
361 648 403 680 et
426 641 594 680 Manilio
614 642 816 693 placebat,
835 647 1075 694 praesertim
1094 647 1160 696 qui
1183 648 1288 697 sagis
1307 659 1388 685 non

199 703 440 742 abundares.
494 703 752 755 Quamquam
780 718 850 744 vos
879 719 985 745 nunc
1013 709 1102 745 istic
1131 710 1228 746 satis
1257 707 1387 747 calere

200 766 346 811 audio;
390 779 470 817 quo
498 766 664 817 quidem
691 769 833 805 nuntio
861 767 978 807 valde
1006 768 1237 818 mehercule
1263 770 1315 809 de
1343 776 1386 809 te

199 830 428 867 timueram.
482 827 563 866 Sed
590 834 637 867 tu
664 831 706 866 in
732 820 776 883 re
804 829 966 868 militari
993 830 1121 869 multo
1150 844 1193 870 es
1218 835 1386 880 cautior,

199 903 323 941 quam
341 893 384 927 in
401 890 743 937 advocationibus,
763 893 831 943 qui
850 905 983 943 neque
1002 895 1044 930 in
1063 892 1227 932 Oceano
1245 900 1386 933 natare

199 951 384 998 volueris,
398 952 709 991 studiosissimus
724 952 844 991 homo
858 955 1040 1000 natandi,
1054 968 1188 1005 neque
1202 945 1386 1006 spectare

201 1014 434 1060 essedarios,
471 1027 594 1065 quem
629 1020 752 1053 antea
788 1028 840 1053 ne
877 1016 1082 1054 andabata
1118 1018 1283 1068 quidem
1316 1002 1397 1058 ‹ie-⁴

197 1076 386 1114 fraudare
420 1082 666 1127 poteramus.
720 1076 801 1115 Sed
834 1080 916 1116 iam
949 1081 1047 1116 satis
1082 1081 1202 1117 iocati
1236 1093 1385 1120 sumus.

159 1144 181 1177 3
197 1138 287 1190 Ego
310 1139 362 1177 de
385 1144 428 1176 te
452 1138 505 1176 ad
527 1138 742 1177 Caesarem
766 1153 888 1190 quam
910 1139 1127 1191 diligenter
1148 1144 1385 1192 scripserim,

198 1206 290 1239 tute
321 1203 424 1246 seis3
470 1213 593 1251 quam
623 1214 759 1251 saepe,
793 1214 882 1252 ego.
935 1201 1016 1240 Sed
1046 1202 1275 1242 mehercule
1304 1206 1385 1244 iam

198 1265 506 1308 intermiseram,
521 1276 574 1301 ne
588 1263 746 1301 viderer
760 1262 1024 1302 liberalissimi
1039 1264 1209 1304 hominis
1224 1269 1384 1318 meique

198 1327 462 1363 amantissimi
481 1324 680 1363 voluntati
701 1338 798 1376 erga
815 1338 882 1363 me
901 1326 1094 1365 diffidere.
1147 1326 1228 1366 Sed
1246 1333 1386 1368 tamen

198 1387 258 1425 his
278 1386 438 1432 litteris,
461 1400 559 1437 quas
580 1390 762 1438 proxime
783 1387 891 1433 dedi,
911 1391 1052 1438 putavi
1074 1402 1162 1427 esse
1182 1389 1385 1430 hominem

197 1450 548 1488 commonendum.
603 1450 651 1488 Id
686 1448 778 1488 feci.
831 1449 940 1502 Quid
974 1449 1227 1501 profecerim,
1263 1451 1384 1492 facias

197 1524 264 1550 me
286 1510 407 1549 velim
428 1514 655 1557 certiorem,
679 1517 722 1550 et
743 1511 861 1550 simul
882 1511 934 1550 de
957 1517 1046 1550 toto
1067 1518 1178 1551 statu
1204 1519 1272 1552 tuo
1294 1528 1385 1554 con-

197 1572 373 1623 siliisque
392 1574 589 1612 omnibus.
643 1573 751 1611 Scire
771 1576 878 1611 enim
895 1576 1026 1623 cupio,
1044 1575 1142 1625 quid
1158 1588 1269 1626 agas,
1288 1577 1384 1627 quid

247 1657 264 1674 ⁶
287 1653 444 1695 Perhaps
469 1654 553 1686 with
578 1665 600 1686 a
627 1654 704 1686 hint
729 1654 770 1687 of
791 1654 851 1687 the
877 1654 1129 1696 metaphorical
1155 1657 1323 1698 meaning
1347 1656 1387 1690 of

193 1696 399 1740 sriyere—-“
413 1697 491 1729 that
523 1707 595 1738 you
628 1697 719 1730 have
750 1697 902 1739 nothing
932 1699 971 1730 to
1003 1697 1087 1730 do.”
1135 1697 1177 1730 In
1209 1699 1270 1732 the
1301 1703 1384 1734 next

201 1743 364 1774 sentence
383 1740 494 1772 calere
515 1741 543 1772 is
564 1740 750 1781 obviously
770 1739 1035 1781 metaphorical.
1082 1740 1228 1783 Tyr-rell.

250 1783 263 1803 ⁶
288 1783 321 1815 A
333 1782 507 1816 reference
519 1786 556 1816 to
568 1783 628 1816 the
640 1784 751 1824 rising
762 1783 802 1815 of
810 1783 870 1815 the
883 1782 994 1815 Gauls
1006 1782 1119 1816 under
1130 1783 1326 1818 Ambiorix.

251 1830 264 1846 ⁶
289 1826 358 1859 For
373 1825 587 1858 Trebatius's
605 1826 682 1859 love
699 1826 739 1859 of
752 1827 954 1867 swimming
970 1836 1026 1858 see
1043 1825 1131 1859 Hor.
1150 1826 1225 1859 Sat.
1243 1828 1279 1860 ii.
1301 1830 1330 1861 1.
1348 1829 1397 1861 8.-

248 1870 264 1890 α
286 1869 362 1902 The
388 1869 580 1902 andabatae
606 1869 737 1912 fought
766 1868 943 1902 blindfold
972 1879 1011 1901 so
1038 1879 1078 1902 as
1103 1872 1142 1902 to
1167 1871 1305 1903 amuse'
1320 1870 1382 1904 the

206 1911 330 1946 lowest
344 1911 435 1945 class
450 1913 491 1945 of
503 1915 695 1955 spectator.

261 1969 312 2002 34
