1448 2236
678 56 878 96 CICERO

185 162 364 213 quidem,
383 164 415 200 si
435 162 533 213 quid
552 164 642 208 erit,
661 164 702 200 in
721 175 801 213 quo
819 175 887 200 me
905 164 1102 201 interesse
1119 174 1286 200 necesse
1304 163 1370 205 sit,

185 240 379 278 umquam
422 227 559 273 deero,
603 240 655 265 ne
698 240 790 265 curn
833 227 1011 278 periculo
1055 226 1221 277 quidem
1263 238 1371 270 meo,

185 292 375 343 dignitati
390 297 501 330 tuae.
556 291 604 329 In
618 294 664 329 iis
681 297 819 330 autem
833 292 968 337 rebus,
982 304 1088 342 quae
1102 290 1372 335 nihilominus,

187 362 233 394 ut
251 369 326 407 ego
344 357 485 402 absim,
501 356 641 395 confici
656 362 864 407 poterunt,
880 361 978 407 peto
995 369 1019 394 a
1034 361 1092 400 te,
1108 360 1155 393 ut
1170 368 1237 393 me
1251 355 1371 392 ratio-

187 434 282 459 nem
300 421 451 459 habere
468 421 566 459 velis
586 427 630 459 et
645 421 786 460 salutis
806 427 849 459 et
866 421 1076 472 dignitatis
1093 432 1223 457 meae.

752 610 816 648 III

561 719 701 744 CICERO
728 718 759 744 S.
787 719 827 744 D.
854 718 1002 743 PLANCO

600 802 747 840 Romae,
765 812 870 834 A.u.c.
889 803 966 834 710.

153 903 170 936 l
243 898 345 936 Cum
364 900 496 948 ipsum
517 897 709 934 Furnium
728 909 802 947 per
821 909 863 934 se
883 896 963 934 vidi
988 895 1266 939 libentissime,
1285 898 1374 932 tum

188 963 263 1001 hoc
284 963 490 1007 libentius,
513 962 621 1012 quod
642 961 755 999 illum
778 961 944 998 audiens
966 965 1011 998 te
1033 960 1199 998 videbar
1221 958 1373 996 audire.

189 1027 294 1065 Nam
318 1033 362 1065 et
382 1029 424 1064 in
446 1040 490 1064 re
512 1026 675 1064 militari
698 1028 905 1071 virtutem,
929 1029 972 1063 et
993 1026 1035 1062 in
1058 1021 1375 1062 administranda

187 1094 391 1143 provincia
419 1093 629 1136 iustitiam,
659 1096 702 1128 et
730 1092 772 1128 in
800 1091 909 1128 omni
936 1102 1088 1141 genere
1115 1087 1374 1139 prudentiam

188 1156 287 1194 mihi
310 1162 424 1195 tuam
445 1158 645 1206 exposuit,
666 1161 709 1193 et
731 1160 947 1205 praeterea
969 1153 1068 1191 mihi
1091 1166 1172 1191 non
1194 1154 1374 1203 ignotam

187 1224 231 1260 in
265 1221 557 1259 consuetudine
593 1225 636 1258 et
660 1218 947 1257 ⁴fiamiliaritate
982 1219 1226 1256 suavitatem
1259 1221 1374 1254 tuam

190 1286 389 1330 adiunxit,
414 1290 629 1335 praeterea
655 1297 854 1322 summam
882 1295 979 1334 erga
1005 1295 1049 1320 se
1074 1280 1374 1319 liberalitatem.

190 1350 307 1398 Quae
343 1352 478 1388 omnia
513 1349 611 1386 mihi
647 1348 835 1393 iucunda,
871 1347 946 1385 hoc
984 1351 1213 1384 extremum
1251 1347 1375 1383 etiam

152 1421 173 1452 2
191 1421 354 1466 gratum
395 1413 485 1452 fuit.
557 1413 660 1464 Ego,
699 1412 859 1457 Plance,
899 1410 1239 1449 necessitudinem
1283 1421 1376 1446 con-

190 1483 379 1518 stitutam
413 1478 536 1517 habui
571 1491 664 1516 cum
698 1477 818 1516 domo
853 1481 988 1515 vestra
1023 1480 1119 1513 ante
1155 1474 1376 1524 aliquanto,

190 1557 314 1595 quam
327 1549 375 1582 tu
388 1549 508 1581 natus
524 1556 566 1580 es
584 1554 594 1587 ;
624 1555 803 1580 amorem
818 1547 956 1579 autem
973 1552 1069 1590 erga
1082 1545 1126 1577 te
1142 1539 1193 1576 ab
1207 1540 1376 1576 ineunte

191 1611 368 1660 pueritia
388 1613 489 1652 tua;
522 1606 758 1644 confirmata
779 1608 861 1643 iam
884 1609 1037 1649 aetate,
1059 1602 1376 1641 familiaritatem

191 1687 283 1712 cum
307 1673 440 1711 studio
464 1685 570 1716 meo,
593 1676 682 1709 tum
707 1670 851 1708 iudicio
875 1675 947 1707 tuo
971 1669 1247 1713 constitutam,
1302 1664 1376 1703 His

192 1738 244 1777 de
284 1739 412 1776 causis
452 1735 690 1774 mirabiliter
725 1733 842 1772 faveo
877 1733 1068 1784 dignitati
1107 1736 1220 1776 tuae,
1254 1742 1376 1781 quam

191 1802 289 1840 mihi
309 1807 447 1840 tecum
468 1806 604 1839 statuo
626 1799 777 1838 debere
799 1811 886 1836 esse
908 1809 1176 1835 communem.
1229 1794 1378 1833 Omnia

192 1880 349 1905 summa
371 1870 609 1904 consecutus
634 1877 676 1902 es
699 1865 850 1901 virtute
874 1862 991 1907 duee,
1014 1862 1162 1899 comite
1186 1857 1376 1897 fortuna:

191 1944 323 1983 eaque
357 1944 400 1970 es
434 1930 606 1980 adeptus
641 1927 889 1972 adulescens,
921 1925 1058 1964 multis
1091 1922 1377 1968 invidentibus,

199 1991 277 2036 296
