1448 2236
635 49 836 88 CICERO

141 151 292 201 (nescio
330 152 428 202 quid
470 154 578 190 enim
620 152 826 190 Velienses
872 152 1148 204 verebantur),
1196 164 1328 203 neque

141 204 362 243 Halethem
380 205 557 244 nobilem
576 218 739 243 amnem
757 205 959 257 relinques
977 218 1053 244 nec
1073 205 1327 256 Papirianam

139 258 302 296 domum
349 259 524 297 deseres.
579 259 836 310 Quamquam
879 258 948 297 illa
992 259 1157 310 quidem
1201 259 1329 298 habet

138 311 280 358 lotum,
310 326 334 350 a
365 326 445 363 quo
476 315 601 350 etiam
629 313 811 351 advenae
840 315 972 351 teneri
1002 312 1161 358 solent3
1205 325 1327 364 quem

98 370 120 402 2
139 371 279 403 tamen
317 369 348 404 si
390 367 598 412 excideris,
637 366 811 404 multum
848 369 1114 417 prospexeris.
1167 365 1248 404 Sed
1286 369 1328 404 in

137 422 275 469 primis
299 425 571 470 opportunum
594 420 767 465 videtur,
791 420 852 458 his
874 423 1114 471 praesertim
1137 422 1327 470 tempori-

138 473 227 517 bus,
242 473 393 511 habere
407 473 652 524 perfugium,
667 476 842 524 primum
858 487 996 511 eorum
1010 474 1166 519 urbem,
1182 474 1327 524 quibus

137 539 252 564 carus
269 529 335 573 sis,
351 527 500 566 deinde
518 533 632 565 tuam
649 528 814 566 domum
831 533 1003 578 tuosque
1020 540 1137 578 agros
1155 539 1165 572 ;
1197 539 1327 578 eaque

137 585 308 627 remoto,
345 580 507 626 salubri,
544 594 714 619 amoeno
750 581 865 626 loco;
915 581 1038 632 idque
1075 583 1199 618 etiam
1235 593 1328 618 mea

137 636 348 679 interesse,
366 637 421 672 mi
439 635 618 681 Trebati,
637 635 821 673 arbitror.
874 634 954 673 Sed
971 634 1136 679 valebis,
1153 646 1327 684 meaque

137 690 303 738 negotia
322 688 491 734 videbis,
511 701 659 740 meque
679 689 740 727 dis
759 689 990 726 iuvantibus
1018 693 1114 726 ante
1143 688 1327 725 brumam

98 746 119 778 3
139 742 405 792 exspectabis.
460 742 548 793 Ego
579 755 604 780 a
634 742 727 780 Sex.
759 742 898 787 Fadio,
929 740 1090 780 Niconis
1120 740 1328 791 discipulo,

136 794 283 832 librum
312 795 473 841 abstuli,
501 795 672 835 Νίκωνος
704 796 788 844 περὶ
820 793 1082 846 πολυφαγίας.
1135 794 1172 832 O
1200 794 1327 832 medi-

136 862 229 886 cum
256 862 435 894 suavem,
463 862 612 900 meque
640 849 811 887 docilem
838 849 891 887 ad
918 848 1022 887 hanc
1048 846 1324 898 disciplinam'

137 901 219 940 Sed
233 902 378 940 Bassus
393 908 531 941 noster
546 916 612 940 me
628 903 680 941 de
695 903 770 941 hoc
784 902 885 940 libro
901 902 1046 940 celavit
1063 914 1074 947 ;
1103 907 1146 939 te
1163 901 1317 952 quidem

137 969 218 993 non
239 956 412 994 videtur.
465 956 622 994 Ventus
643 957 915 995 increbrescit.
969 955 1088 1001 Cura,
1110 960 1158 993 ut
1178 953 1320 992 valeas.

137 1022 225 1047 xm.
248 1009 338 1048 Kal.
357 1009 470 1049 Sext.
489 1010 617 1049 Velia.

681 1166 780 1204 XXI

487 1273 627 1300 CICERO
652 1273 685 1300 S.
713 1273 752 1300 D.
779 1273 975 1299 TREBATIO

631 1366 737 1388 A.U.c.
756 1358 834 1388 710.

188 1431 257 1470 Sili
281 1445 453 1470 causam
485 1437 529 1470 te
562 1432 692 1470 docui.
726 1410 786 1469 'Is
818 1436 962 1482 postea
993 1430 1073 1469 fuit
1105 1430 1214 1481 apud
1245 1442 1326 1468 me.

138 1485 240 1523 Cum
273 1488 310 1523 ei
343 1486 532 1531 dicerem,
564 1486 640 1523 tibi
671 1485 797 1523 videri
829 1487 1084 1535 sponsionem
1114 1483 1223 1522 illam
1254 1496 1326 1520 nos

187 1592 202 1608 ‘¹
226 1587 259 1620 A
278 1589 440 1621 mansion
457 1588 548 1621 built
565 1591 602 1621 at
619 1587 722 1620 Velia
740 1587 790 1629 by
805 1598 902 1621 some
920 1587 1077 1620 member
1095 1586 1135 1619 of
1149 1586 1209 1619 the
1227 1585 1324 1618 Gens

141 1631 283 1673 Papiria
305 1642 385 1664 now
407 1633 443 1664 in
466 1631 525 1664 the
548 1632 745 1673 possession
768 1630 808 1663 of
827 1630 1024 1668 Trebatius,
1047 1629 1119 1662 and
1142 1627 1324 1671 occupied,

140 1674 271 1750 dutrirlixg
285 1674 340 1750 11¹1ss
357 1674 846 1751 akisssncffrigiltgioffe'tfflrilssli
857 1676 959 1716 guest
976 1672 1109 1706 Cicero.

189 1766 202 1783 ⁶
226 1728 475 1802 Cigercowholpgs
489 1763 527 1794 to
543 1760 648 1802 enjoy
695 1741 879 1792 rebatiu's3s
896 1758 1101 1801 hospitality
1116 1759 1235 1800 again.

166 1805 202 1855 ..ἆ
225 1804 300 1837 The
322 1804 466 1838 Etesian
492 1803 590 1846 gales
612 1802 683 1836 had
710 1813 789 1835 now
811 1802 942 1844 begun.
994 1801 1050 1844 Cf.
1074 1803 1109 1834 ii.
1136 1804 1188 1834 15.
1211 1803 1232 1834 5
1253 1799 1324 1833 and

141 1858 200 1910 XII:
217 1849 480 1932 205n331'urpilia
497 1889 568 1923 had
588 1888 692 1922 made
713 1899 736 1921 a
758 1887 828 1921 will
846 1889 882 1920 in
899 1887 1025 1920 favour
1043 1887 1084 1920 of
1099 1886 1229 1924 Silius;
1260 1885 1326 1919 but

143 1943 189 1966 no
209 1943 347 1966 woman
368 1932 472 1966 could
493 1932 601 1965 make
620 1943 642 1965 a
661 1931 731 1965 will
751 1931 898 1964 without
917 1930 978 1964 the
997 1930 1188 1964 auctoritas
1207 1929 1247 1962 of
1264 1929 1326 1962 her

145 1983 195 2023 62
