1448 2236
686 70 888 110 CICERO

194 176 302 228 Ergo
327 176 428 214 haec
452 175 590 214 consili
613 174 794 222 fuerunt,
817 176 973 227 reliqua
995 179 1233 216 necessaria.
1285 178 1379 216 Vin-

153 251 174 284 3
193 260 284 285 cere
314 253 452 285 autem
482 252 554 285 aut
580 246 653 284 hos
682 252 754 284 aut
782 247 868 285 illos
896 260 1062 286 necesse
1091 253 1166 287 est.
1219 248 1307 287 Scio
1334 254 1378 286 te

192 330 352 368 semper
375 330 536 355 meeum
561 319 604 354 in
627 317 741 355 luctu
765 315 902 363 fuisse,
920 331 1012 356 cum
1034 318 1262 357 videremus
1286 331 1378 356 cum

191 387 289 426 illud
304 390 447 438 ingens
458 387 624 432 malum,
637 387 801 426 alterius
818 390 945 426 utrius
958 391 1160 427 exercitus
1173 394 1216 427 et
1231 389 1378 427 dueum

192 460 415 503 interitum,
428 464 517 496 tum
531 472 626 496 vero
643 463 871 496 extremum
885 459 1082 514 malorum
1096 461 1275 497 omnium
1290 471 1377 497 esse

191 529 313 566 civilis
351 529 448 567 belli
486 531 693 567 victoriam
711 541 721 574 ;
774 542 896 580 quam
935 529 1100 580 quidem
1138 543 1214 581 ego
1253 532 1376 568 etiam

189 599 345 638 illorum
379 600 590 645 timebam,
624 599 677 638 ad
710 613 810 650 quos
843 613 1096 638 veneramus.
1149 600 1377 638 Crudeliter
1430 595 1432 598 ’

190 673 296 708 enim
318 668 471 708 otiosisl
492 670 778 708 minabantur:
815 676 984 722 eratque
1009 673 1055 708 iis
1083 676 1126 709 et
1150 676 1223 709 tua
1250 673 1376 708 invisa

186 741 371 779 voluntas
395 746 438 779 et
458 754 552 778 mea
573 743 714 779 oratio.
768 740 885 778 Nunc
906 754 1016 787 vero,
1037 742 1071 779 si
1093 746 1229 780 essent
1249 742 1375 779 nostri

186 813 319 861 potiti,
355 811 473 849 valde
508 813 829 861 intemperantes
864 810 1048 849 fuissent.
1101 811 1231 849 Erant
1267 813 1374 849 enim
1428 824 1431 826 ·

185 882 298 920 nobis
321 883 502 932 perirati,
528 883 641 932 quasi
667 881 888 932 quidquam
912 881 965 920 de
988 887 1127 920 nostra
1149 881 1281 919 salute
1304 881 1373 919 de-

183 954 459 998 crevissemus,
482 951 592 1003 quod
612 966 694 990 non
715 951 824 990 idem
846 951 921 990 illis
944 954 1237 990 censuissemus
1255 964 1265 997 ;
1302 956 1373 990 aut

183 1025 298 1074 quasi
310 1023 447 1061 utilius
459 1022 705 1072 reipublicae
717 1021 855 1068 fuerit,
869 1035 936 1060 eos
951 1025 1075 1060 etiam
1088 1022 1141 1060 ad
1151 1022 1372 1060 bestiarum

182 1093 375 1131 auxilium
396 1092 629 1143 confugere,
650 1106 772 1143 quam
792 1091 858 1130 vel
878 1095 1017 1138 emori,
1037 1092 1103 1130 vel
1121 1105 1214 1130 cum
1233 1105 1319 1142 spe,
1338 1093 1370 1130 si

142 1169 163 1200 4
181 1178 262 1202 non
275 1166 444 1214 optima,
459 1169 502 1201 at
517 1163 652 1214 aliqua
665 1168 807 1201 tamen
819 1165 966 1201 vivere.
1007 1162 1065 1200 At
1078 1165 1120 1200 in
1131 1162 1371 1213 perturbata

179 1234 386 1284 republica
412 1235 594 1271 vivimus.
648 1233 748 1280 Quis
775 1233 933 1284 negat?
986 1232 1069 1271 Sed
1094 1232 1169 1270 hoc
1195 1232 1370 1271 viderint
1426 1235 1427 1238 ’

178 1306 219 1350 ii,
239 1307 308 1355 qui
327 1304 437 1342 nulla
456 1304 531 1341 sibi
551 1303 728 1341 subsidia
748 1303 799 1341 ad
818 1315 958 1341 omnes
976 1304 1085 1341 vitae
1105 1307 1236 1340 status
1254 1314 1369 1352 para-

177 1380 336 1413 verunt.
377 1374 468 1412 Huc
483 1377 590 1412 enim
603 1379 650 1411 ut
662 1375 856 1419 venirem,
869 1375 1050 1424 superior
1060 1372 1233 1424 longius,
1245 1385 1368 1423 quam

178 1445 298 1491 volui,
323 1444 442 1483 fluxit
467 1447 609 1482 oratio.
661 1444 763 1482 Cum
789 1445 897 1482 enim
921 1449 965 1481 te
989 1456 1151 1494 semper
1173 1455 1366 1493 magnum
1422 1443 1424 1445 ’

177 1515 382 1553 hominem
404 1515 603 1559 duxerim,
626 1514 735 1565 quod
756 1514 816 1551 his
838 1514 1153 1564 tempestatibus
1175 1525 1219 1551 es
1238 1525 1365 1563 prope

177 1585 282 1623 solus
302 1587 344 1622 in
362 1591 497 1636 portu,
518 1584 754 1635 fructusque
774 1584 981 1622 doctrinae
999 1585 1171 1634 percipis
1193 1595 1274 1628 eos,
1295 1584 1364 1633 qui

175 1657 341 1693 maximi
359 1661 467 1700 sunt,
486 1660 532 1692 ut
551 1668 600 1692 ea
617 1654 845 1692 consideres
864 1667 994 1704 eaque
1011 1659 1176 1699 tractes,
1193 1665 1363 1703 quorum
1424 1665 1427 1668 ’

223 1758 237 1777 1
251 1759 450 1791 otiosissimi
475 1757 557 1796 HD,
580 1757 687 1790 which
714 1757 850 1798 Tyrrell
873 1756 986 1795 reads,
1011 1755 1032 1770 ‘⁸
1048 1755 1175 1798 thouyh
1198 1755 1274 1797 they
1296 1754 1360 1787 did

176 1801 367 1844 absolutely
382 1801 528 1842 ‘nothiny
545 1799 778 1833 themselves.”

221 1932 237 1947 ⁴²
260 1927 383 1960 Cicero
402 1938 474 1960 was
495 1926 652 1969 opposed
672 1929 709 1959 to
728 1926 789 1959 the
809 1925 1033 1968 Pompeians'
1053 1924 1202 1967 secking
1219 1925 1280 1958 the
1297 1922 1356 1956 aid

174 1970 215 2004 of
226 1970 250 2004 J
253 1970 335 2008 uba,
353 1970 443 2013 king
459 1970 499 2003 of
513 1969 696 2008 Numidia,
713 1969 784 2002 and
801 1969 855 2002 his
870 1969 1065 2011 elephants.

179 2028 256 2060 200
