1448 2236
153 593 174 624 [ὗ

151 1405 172 1437 3

687 47 888 88 CICERO

194 153 327 189 nimae
353 150 490 196 fuerit,
516 151 671 202 pudeat
697 157 741 190 te
768 166 910 191 ausum
934 153 1047 193 illum
1073 168 1267 207 umquam
1293 169 1380 195 esse

192 213 380 251 incedere
413 219 623 264 tamquam
655 219 772 252 tuum
805 218 1144 266 competitorem.
1192 217 1289 257 Post
1319 232 1382 257 re-

193 275 350 326 pulsam
363 289 458 314 vero
473 279 573 314 risus
588 275 686 314 facit
704 289 714 322 3
743 279 872 315 civem
886 278 1037 317 bonum
1051 279 1168 325 ludit,
1185 286 1228 318 et
1242 287 1382 319 contra

194 338 409 376 Caesarem
427 341 650 376 sententias
669 339 766 377 dicit
784 352 794 385 ς
827 344 1175 391 exspectationem
1191 345 1354 394 corripit
1370 356 1380 389 ;

193 399 408 438 Curionem
422 414 582 452 prorsus
597 414 678 439 non
699 401 955 440 mediocriter
975 404 1164 455 obiurgat
1180 417 1191 450 3
1226 404 1301 443 hac
1321 418 1383 444 re-

191 462 308 514 pulsa
333 476 377 501 se
402 466 588 502 mutavit.
644 463 862 502 Praeterea
888 467 957 515 qui
983 479 1205 517 numquam
1229 469 1272 505 in
1296 467 1382 507 foro

192 527 439 576 apparuerit,
462 539 543 563 non
565 525 739 564 multum
762 529 804 564 in
826 527 980 566 iudiciis
1002 534 1185 567 versatus
1207 532 1274 575 sit,
1297 533 1382 581 agit

192 601 332 626 causas
359 587 559 633 liberales,
588 588 660 626 sed
686 602 776 626 raro
803 595 897 639 post
923 590 1146 629 meridiem.
1201 591 1266 630 De
1293 605 1383 643 pro-

192 653 342 696 vinciis,
363 650 472 701 quod
492 651 566 688 tibi
587 653 823 701 scripseram
845 651 982 690 Idibus
1003 651 1144 693 Sextil.
1166 659 1304 692 aetum
1322 657 1382 701 iri,

192 712 427 764 interpellat
446 713 637 750 iudicium
659 712 855 759 Marcelli,
876 713 1046 753 consulis
1066 715 1280 766 designati.
1334 717 1383 755 In

195 775 367 813 Kalend.
395 777 547 813 reiecta
573 788 631 820 re,
658 788 710 813 ne
735 774 1010 826 frequentiam
1035 778 1201 828 quidem
1226 778 1382 818 efficere

191 842 424 889 potuerant.
473 837 558 875 Has
572 836 729 875 litteras
745 851 781 876 a.
796 838 836 876 d.
852 851 905 876 1v.
921 838 1262 889 Non.Septembr.
1274 841 1382 888 dedi,

192 914 285 938 cum
305 900 358 938 ad
387 913 477 937 eam
497 899 606 937 diem
626 913 678 937 ne
698 899 957 951 profligatum
978 901 1143 952 quidem
1163 903 1382 954 quidquam

193 968 294 1000 erat.
349 962 408 1000 Ut
426 962 557 1007 video,
576 975 696 999 eausa
714 961 815 1000 haec
832 965 993 1013 integra
1009 966 1051 1000 in
1068 967 1296 1014 proximum
1314 979 1382 1004 an-

192 1038 291 1062 num
305 1023 597 1070 transferetur3
628 1029 684 1070 et,
701 1030 899 1075 quantum
925 1025 1071 1071 divino,
1097 1026 1382 1078 relinquendus

192 1088 267 1125 tibi
294 1089 384 1132 erit,
410 1089 479 1137 qui
503 1089 748 1137 provinciam
774 1087 971 1126 obtineat.
1025 1087 1131 1126 Nam
1154 1102 1236 1127 non
1261 1103 1382 1141 expe-

193 1150 302 1188 ditur
331 1151 541 1194 successio,
571 1149 732 1199 quando
763 1148 932 1195 Galliae,
953 1163 1058 1200 quae
1077 1150 1232 1190 habent
1258 1154 1382 1191 inter-

191 1224 405 1256 cessorem,
442 1213 485 1248 in
523 1211 710 1248 eamdem
748 1211 1022 1250 condicionem
1061 1226 1183 1263 quam
1220 1220 1381 1254 ceterae

191 1276 419 1325 provinciae
457 1279 664 1311 vocantur.
718 1273 806 1311 Hoc
844 1273 941 1311 mihi
980 1287 1062 1312 non
1100 1281 1163 1313 est
1201 1275 1380 1316 dubium.

191 1336 282 1384 Quo
296 1336 372 1374 tibi
385 1337 513 1386 magis
528 1337 678 1386 scripsi,
694 1341 740 1373 ut
753 1335 807 1373 ad
820 1335 927 1373 hunc
942 1342 1133 1374 eventum
1147 1342 1191 1375 te
1204 1351 1379 1388 parares.

191 1399 293 1436 Fere
310 1398 456 1436 litteris
474 1398 658 1436 omnibus
676 1398 751 1435 tibi
769 1397 821 1436 de
837 1397 1046 1448 pantheris
1064 1401 1213 1450 scripsi.
1246 1400 1379 1453 Turpe

190 1461 265 1499 tibi
290 1462 367 1498 erit
391 1459 594 1498 Patiscum
619 1459 781 1498 Curioni
805 1460 948 1498 decem
970 1460 1190 1511 pantheras
1213 1465 1379 1510 misisse,

190 1528 234 1561 te
269 1535 350 1560 non
384 1521 521 1560 multis
555 1522 738 1572 partibus
773 1521 936 1572 plures3
986 1535 1084 1574 quas
1119 1525 1225 1574 ipsas
1261 1524 1379 1564 Curio

239 1678 255 1694 ⁶
279 1675 347 1712 i.e.,
362 1673 417 1706 for
432 1673 493 1706 the
507 1683 666 1715 vacancy
682 1675 718 1706 in
733 1673 794 1706 the
810 1673 953 1716 College
967 1674 1008 1707 of
1020 1674 1177 1716 Augurs.

245 1718 257 1737 ¹²
280 1717 348 1755 i.e.‚
365 1716 478 1749 about
496 1715 659 1749 Caesar's
682 1718 881 1759 provinces.
929 1717 1020 1750 Boot
1046 1717 1151 1750 takes
1177 1718 1238 1751 the
1261 1719 1376 1753 words
1444 1725 1448 1732 “

195 1763 234 1793 to
264 1771 370 1792 mean
403 1759 646 1792 “diminishes
677 1759 739 1792 the
774 1761 1000 1802 expectation
1028 1761 1070 1793 of
1097 1761 1158 1793 the
1190 1763 1376 1804 provinces
1445 1762 1448 1794 ἔ

192 1803 304 1845 being
319 1802 487 1845 assigned
503 1805 541 1835 to
556 1802 725 1835 Caesar.”

240 1851 252 1867 ⁶
278 1846 423 1879 Marcus
448 1845 649 1884 Marcellus,
671 1844 796 1878 consul
817 1846 854 1878 in
876 1847 932 1884 50,
955 1845 1105 1879 accuse-1
1127 1846 1198 1880 this
1218 1858 1304 1891 year
1326 1848 1375 1891 by

191 1888 350 1922 Calidius
366 1889 406 1922 of
418 1889 579 1921 ambitus.

240 1933 256 1953 ὅ
279 1931 346 1965 See
362 1935 446 1965 note
459 1943 482 1965 a
497 1935 534 1965 to
550 1932 567 1973 5
586 1932 627 1964 10
642 1932 684 1965 of
694 1931 756 1964 the
770 1931 966 1974 preceding
981 1931 1115 1966 Letter.

198 1987 272 2022 144
