1448 2236
687 67 887 106 CICERO

190 186 315 224 quum
331 177 511 223 possent,
527 171 795 210 immoderate
811 177 907 210 sunt
923 172 1051 210 abusi.
1094 171 1234 222 Atque
1251 173 1376 209 etiam

189 253 253 278 res
274 240 479 278 familiaris
501 252 594 277 mea
614 239 707 291 lege
729 239 910 278 Caesaris
933 239 1144 278 deminuta
1166 244 1243 284 est,
1264 241 1375 276 cuius

189 308 385 346 beneficio
406 307 603 358 plerique,
626 310 695 359 qui
718 306 899 345 Caesaris
921 311 1052 344 morte
1073 306 1293 351 laetantur,
1313 318 1376 343 re-

187 380 424 413 manserunt
446 377 488 412 in
510 377 689 413 civitate.
738 374 899 413 Civibus
922 377 1037 412 victis
1060 379 1107 412 ut
1128 379 1376 424 parceretur,

149 448 170 482 3
188 456 319 494 aeque
335 455 381 480 ac
394 455 467 492 pro
481 455 574 480 mea
588 442 719 480 salute
731 442 923 485 laboravi.
969 441 1137 479 Possum
1150 443 1287 492 igitur,
1307 443 1376 492 qui

189 522 328 548 omnes
343 509 537 548 voluerim
551 509 784 555 incolumes,
801 522 908 554 eum,
924 521 948 546 a
963 522 1042 560 quo
1056 508 1100 546 id
1112 511 1376 571 ignpetratum

190 582 275 622 est,'
294 579 460 627 periisse
495 589 576 614 non
608 576 822 628 indignari,
851 590 943 614 cum
978 576 1218 627 praesertim
1253 575 1376 614 iidem

190 644 371 682 homines
394 644 449 682 illi
474 650 516 682 et
539 644 712 682 invidiae
737 649 780 681 et
803 646 927 681 exitio
950 642 1134 681 fuerint?
1184 642 1377 681 Flecteris

190 724 301 763 ergo,
331 714 532 771 inquiunt,
564 711 725 762 quando
754 710 909 748 factum
938 716 1122 749 nostrum
1150 711 1377 761 improbare

190 778 329 817 audes
385 769 421 817 O
452 778 682 829 superbiam
710 778 961 816 inauditam!
1005 777 1103 816 alios
1131 780 1174 816 in
1200 777 1378 816 facinore

190 832 364 898 gloriari,
385 846 471 884 aliis
491 859 544 883 ne
565 845 702 883 dolere
723 845 888 897 quidem
907 847 1106 896 impunite
1126 845 1273 883 licere!
1320 846 1379 884 At

192 913 292 951 haec
322 916 446 951 etiam
474 917 597 952 servis
625 926 785 963 semper
810 912 939 951 libera
964 912 1144 959 fuerunt,
1172 916 1378 959 timerent,

191 981 433 1033 gauderent,
446 981 631 1019 dolerent
643 994 715 1019 suo
726 983 875 1030 potius,
889 993 1011 1031 quam
1023 980 1188 1019 alterius
1199 981 1379 1026 arbitrio;

193 1061 297 1099 quae
312 1061 432 1093 nunc,
446 1054 493 1086 ut
508 1048 672 1100 quidem
685 1050 751 1085 isti
766 1047 956 1086 dictitant
968 1048 1168 1086 libertatis
1182 1053 1379 1093 auctores,

154 1122 176 1154 4
193 1121 307 1153 metu
334 1116 448 1153 nobis
477 1121 720 1166 extorquere
746 1119 956 1154 conantur.
1007 1114 1089 1153 Sed
1114 1114 1213 1153 nihil
1239 1105 1379 1167 ag'unt.

194 1182 349 1221 Nullius
372 1195 565 1233 umquam
586 1182 751 1233 periculi
774 1183 992 1221 terroribus
1013 1183 1066 1221 ab
1087 1183 1214 1222 officio
1234 1188 1308 1221 aut
1328 1183 1381 1221 ab

194 1251 449 1289 humanitate
479 1249 711 1302 desciscam.
769 1249 1000 1300 Numquam
1031 1253 1139 1288 enim
1168 1249 1381 1288 honestam
1437 1260 1448 1297 ζ

193 1324 368 1356 mortem
384 1316 635 1371 fugiendam,
652 1323 788 1372 saep}
794 1319 919 1355 etiam
936 1317 1211 1368 oppetendam
1226 1319 1380 1368 putavi.

194 1385 275 1424 Sed
292 1385 390 1436 quid
405 1360 793 1430 mihssffccensent
769 1386 821 1435 si
836 1384 879 1423 id
894 1389 1005 1435 opto,
1022 1389 1070 1423 ut
1083 1386 1296 1435 poeniteat
1313 1397 1381 1422 eos

194 1456 255 1491 sui
269 1452 367 1490 facti
385 1453 400 1490 Ρ
442 1452 569 1502 Cupio
586 1454 694 1489 enim
709 1435 890 1489 Caesaris
906 1457 1079 1490 mortem
1094 1452 1278 1490 omnibus
1295 1463 1382 1490 esse

194 1520 396 1558 acerbam.
454 1520 512 1556 At
543 1518 675 1556 debeo
705 1531 779 1569 pro
811 1518 914 1556 civili
943 1524 1062 1569 parte
1092 1518 1383 1570 rempublicam

195 1587 299 1626 velle
315 1586 479 1624 salvam.
523 1585 571 1623 Id
588 1585 752 1637 quidem
768 1599 834 1624 me
850 1599 1012 1637 cupere,
1028 1588 1103 1623 nisi
1119 1589 1163 1624 et
1177 1591 1275 1624 ante
1291 1590 1384 1624 aeta

247 1727 263 1744 ⁶
287 1722 445 1756 Caesar’s
457 1721 623 1755 financial
634 1722 701 1755 law
712 1723 753 1754 of
760 1724 803 1754 49
818 1733 849 1755 B.
852 1732 882 1754 c.
895 1721 1064 1764 provided
1075 1723 1132 1755 for
1142 1721 1202 1755 the
1213 1724 1384 1764 payment

202 1768 242 1800 of
257 1766 356 1800 loans
375 1766 425 1808 by
443 1766 503 1799 the
522 1766 757 1798 transference
775 1766 816 1797 of
831 1768 974 1807 prope
946 1775 999 1840 esf
1017 1768 1055 1798 at
1073 1775 1095 1798 a
1113 1764 1293 1800 valuation
1312 1764 1384 1807 (see

204 1813 286 1843 note
305 1820 351 1842 on
372 1810 417 1842 ix.
442 1810 493 1841 16.
517 1808 586 1850 77),
610 1808 688 1841 that
707 1809 748 1840 of
763 1810 807 1840 47
828 1809 945 1841 remitt
1010 1809 1141 1841 certain
1162 1809 1383 1850 proportions

202 1853 244 1885 of
252 1853 362 1885 house
375 1851 446 1884 and
459 1851 544 1884 land
558 1852 658 1884 rent·
648 1861 684 1883 ιιι
700 1851 813 1883 Rome
825 1850 897 1883 and
913 1850 1016 1892 Italy
1057 1850 1202 1889 Matius,
1216 1850 1324 1893 being
1336 1860 1382 1885 an

203 1898 355 1928 investor
367 1894 485 1927 rather
496 1894 584 1927 than
597 1905 620 1926 a
632 1893 818 1932 bort-owen
834 1896 928 1926 must
941 1893 1031 1927 have
1043 1892 1112 1926 lost
1123 1893 1174 1936 by
1185 1892 1274 1926 both
1285 1893 1382 1932 law..

202 1942 239 1972 to
254 1938 364 1971 either
379 1939 421 1971 of
431 1937 545 1971 which
562 1937 606 1970 he
621 1947 706 1979 may
720 1936 766 1970 be
781 1936 864 1970 here
878 1937 1060 1979 referring.

203 1989 280 2029 506
