1448 2236
653 49 854 90 CICERO

121 155 143 188 3
162 150 288 203 frigus
310 150 418 191 ferre
439 166 520 192 non
542 167 694 204 posses,
745 153 841 200 Sed,
862 154 1106 201 mehercule,
1126 156 1185 193 mi
1207 153 1349 199 Paete,

160 238 279 271 extra
289 235 435 281 iocum,
446 247 593 274 moneo
605 241 663 282 te,
677 236 785 287 quod
795 238 1002 287 pertinere
1014 236 1068 275 ad
1077 236 1201 275 beate
1211 236 1348 274 viven-
1419 256 1423 257 ν

158 313 256 352 dum
275 315 461 362 arbitror,
478 321 526 355 ut
542 329 635 355 cum
651 318 744 355 viris
760 317 889 363 bonis,
905 316 1102 364 iucundis,
1119 316 1348 355 amantibus

158 398 219 434 tui
235 398 358 435 vivas.
402 397 511 436 Nihil
527 400 661 449 aptius
677 400 800 444 vitae,
815 398 914 436 nihil
928 398 981 437 ad
994 399 1118 437 beate
1132 397 1348 437 vivendum

158 478 513 517 accommodatius.
566 478 604 516 N
607 492 653 517 ec
679 479 722 517 id
747 479 801 518 ad
825 479 1077 530 voluptatem
1102 476 1250 525 refero,
1275 477 1349 516 sed

161 558 214 596 ad
224 562 560 599 communitatem
571 563 681 599 vitae
695 566 819 612 atque
831 562 974 607 victus,
991 562 1349 611 remissionemque

158 642 397 688 animorum,
422 654 528 693 quae
550 644 728 680 maxime
751 654 937 681 sermone
960 641 1130 680 efficitur
1150 639 1349 686 familiari,

157 723 227 772 qui
250 727 314 761 est
335 724 378 760 in
399 725 590 762 conviviis
611 722 876 770 dulcissimus,
898 728 946 761 ut
966 723 1188 774 sapientius
1208 722 1349 768 nostri,

157 815 281 854 quam
312 803 487 850 Graeci3
541 803 597 842 illi
626 802 823 854 συμπόσια
861 809 933 842 aut
968 803 1185 849 σύνδειπνα,
1213 801 1258 842 id
1287 807 1350 841 est

155 887 478 936 compotationes
525 891 598 924 aut
645 888 955 925 concenationes
973 897 984 932 ;
1046 898 1119 924 nos
1155 885 1350 930 convivia,

157 967 267 1017 quod
285 972 375 1005 tum
393 969 572 1005 maxime
591 967 711 1006 simul
728 969 889 1005 vivitur.
942 966 1079 1012 Vides,
1096 971 1145 1004 ut
1161 971 1207 1004 te
1222 964 1350 1017 philo-

157 1047 364 1098 sophando
381 1061 570 1087 revocare
587 1060 710 1086 coner
727 1047 779 1086 ad
795 1060 916 1087 cenas
932 1048 948 1086 ?
1002 1046 1122 1093 Cura,
1137 1051 1186 1085 ut
1201 1045 1349 1085 valeas.

116 1134 139 1165 4
158 1127 207 1167 Id
235 1127 329 1167 foris
358 1129 575 1168 cenitando
602 1127 790 1167 facillime
817 1141 1078 1179 consequere.
1129 1126 1211 1166 Sed
1237 1139 1349 1172 cave,

158 1211 192 1248 si
221 1223 288 1249 me
320 1223 446 1256 amas,
478 1212 685 1248 existimes
715 1223 798 1256 me,
828 1209 938 1261 quod
967 1211 1134 1248 iocosius
1165 1208 1349 1254 scribam,

157 1291 351 1329 abiecisse
391 1304 528 1329 curam
568 1290 826 1342 reipublicae.
878 1290 943 1329 Sic
982 1290 1072 1336 tibi,
1110 1291 1167 1327 mi
1206 1288 1348 1334 Paete,

156 1373 371 1423 persuade,
396 1386 464 1411 me
488 1373 575 1411 dies
601 1378 645 1411 et
668 1377 809 1410 noctes
833 1371 932 1410 nihil
956 1370 1064 1409 aliud
1089 1383 1226 1422 agere,
1249 1368 1347 1410 nihil

158 1467 314 1500 curare,
330 1455 407 1493 nisi
424 1459 471 1492 ut
487 1455 570 1492 mei
586 1456 692 1492 cives
709 1453 807 1492 salvi
823 1452 1019 1503 liberique
1036 1454 1130 1490 sint.
1182 1450 1346 1490 Nullum

156 1535 287 1574 locum
322 1537 608 1586 praetermitto
643 1534 850 1580 monendi,
887 1533 1049 1586 agendi,
1082 1532 1346 1584 providendi3

156 1616 232 1655 hoc
262 1617 438 1668 denique
468 1619 602 1655 animo
633 1629 737 1662 sum,
767 1621 828 1662 ut,
858 1617 891 1654 si
919 1617 962 1653 in
991 1614 1066 1653 hac
1095 1627 1191 1653 cura
1219 1619 1344 1665 atque

157 1698 507 1737 administratione
546 1699 632 1736 vita
670 1696 769 1735 mihi
807 1696 996 1748 ponenda
1035 1698 1101 1741 sit,
1138 1694 1344 1746 praeclare

158 1785 296 1819 actum
312 1792 474 1819 mecum
490 1784 647 1831 putem.
699 1777 837 1817 Etiam
854 1782 979 1829 atque
998 1778 1123 1815 etiam
1138 1775 1242 1816 vale.

161 1991 241 2034 276
