1430 2242
589 34 789 74 CICERO

95 142 248 189 quanto
272 143 365 188 post
390 151 472 175 una
495 137 622 176 futuri
646 141 782 178 simus.
836 133 986 187 Quare,
1004 142 1038 178 si
1057 140 1167 191 quod
1189 154 1281 179 con-

77 194 285 229 stitutum
310 205 403 229 cum
430 191 610 243 podagra
638 192 777 238 habes,
799 192 863 231 fac
886 199 932 231 ut
952 196 995 231 in
1021 193 1144 231 alium
1171 194 1280 233 diem

93 245 268 283 differas.
324 245 430 282 Cura
456 248 602 296 igitur„¹
620 252 667 284 ut
693 246 841 292 valeas,
868 252 912 285 et
947 260 1014 285 me
1046 247 1121 286 hoc
1157 248 1280 287 biduo

94 304 168 337 aut
193 299 327 336 triduo
355 305 560 350 exspecta.

670 403 708 441 V

374 486 513 511 CICERO
540 486 571 512 S.
600 486 639 512 D.
667 486 828 511 CAESARI
856 486 996 514 IMPER-

480 542 491 554 ⁵
505 543 653 582 Romae,
669 554 776 576 A.u.c.
793 546 871 576 700.

57 609 72 641 l
144 603 260 649 Vide,
280 616 402 654 quam
422 602 519 642 mihi
538 606 818 654 persuaserim,
837 609 882 642 te
900 617 967 643 me
987 617 1074 643 esse
1093 605 1279 653 alterum,

94 671 174 695 non
192 657 311 695 modo
330 659 372 694 in
390 657 450 695 his
468 658 603 702 rebus,
623 670 727 708 quae
747 657 799 696 ad
817 671 883 695 me
901 660 1046 708 ipsum,
1059 656 1137 698 'sed
1156 663 1279 699 etiam

93 714 134 749 in
156 714 216 756 iis,
240 724 345 762 quae
368 711 420 748 ad
443 724 553 748 meos
575 713 796 761 pertinent.
850 711 895 750 C.
917 712 1152 751 Trebatium
1174 717 1279 765 cogi-

93 771 238 810 taram,
265 777 519 815 quocumque
548 767 713 809 exirem,
739 778 899 802 mecum
924 765 1086 812 ducere,
1112 772 1159 804 ut
1186 780 1279 806 eum

91 821 192 856 meis
218 819 401 856 omnibus
427 818 583 863 studiis,
608 817 811 856 beneficiis
837 832 959 869 quam
983 822 1279 859 ornatissimum

92 872 259 912 domum
298 872 547 910 reducerem.
601 871 682 910 Sed
720 878 988 923 posteaquam
1029 879 1072 911 et
1112 873 1278 925 Pompei

93 925 353 964 commoratio
377 926 601 963 diuturnior
626 931 727 971 erat,
751 939 874 976 quam
895 931 1098 976 putaram,
1121 933 1165 966 et
1187 941 1279 966 mea

93 979 295 1031 quaedam
332 980 405 1016 tibi
443 992 524 1016 non
560 982 701 1030 ignota
737 979 938 1018 dubitatio
975 985 1047 1018 aut
1083 981 1279 1032 impedire

92 1033 385 1085 profectionem
399 1046 534 1070 meam
546 1033 759 1071 videbatur
773 1038 845 1070 aut
859 1039 971 1071 certe
984 1034 1159 1080 tardare,
1172 1035 1278 1081 vide,

93 1087 191 1139 quid
218 1087 316 1125 mihi
348 1089 789 1137 sumpserim,—coepi
821 1086 938 1132 velle,
968 1100 1017 1125 ea
1043 1087 1279 1127 Trebatium

94 1146 331 1192 exspectare
345 1153 371 1177 a
385 1146 442 1186 te,
458 1153 563 1190 quae
578 1145 780 1190 sperasset
793 1153 818 1178 a
831 1153 911 1179 me.
965 1140 1108 1192 Neque
1123 1142 1279 1181 meher-

92 1194 181 1233 cule
199 1196 330 1232 minus
350 1196 387 1231 ei
404 1193 558 1244 prolixe
576 1193 628 1231 de
646 1199 719 1231 tua
735 1193 945 1231 voluntate
962 1197 1139 1244 promisi,
1155 1208 1279 1246 quam

53 1254 74 1286 2
93 1262 162 1286 era
227 1247 367 1286 solitus
391 1247 444 1285 de
468 1260 560 1285 mea
582 1247 772 1297 polliceri.
826 1246 950 1285 Casus
973 1260 1068 1286 vero
1091 1249 1278 1288 mirificus

92 1305 161 1354 qui
191 1315 258 1339 am
287 1303 520 1346 intervenit,
552 1303 665 1351 quasi
695 1300 760 1339 vel
789 1303 905 1339 testis
936 1303 1130 1352 opinionis
1161 1316 1278 1342 meae

92 1355 156 1394 vel
190 1368 356 1406 sponsor
390 1354 653 1392 humanitatis
688 1359 798 1392 tuae.
852 1354 958 1392 Nam
991 1368 1083 1393 cum
1116 1355 1169 1394 de
1203 1356 1278 1395 hoc

91 1412 177 1461 ipso
202 1409 393 1447 Trebatio
418 1422 510 1446 cum
535 1408 660 1446 Balbo
685 1414 822 1446 nostro
846 1407 1031 1459 loquerer
1054 1413 1278 1449 accuratius

139 1492 154 1508 ⁰
176 1486 313 1529 Tyrrell
340 1486 442 1519 reads
465 1490 594 1528 quanto
618 1486 683 1518 but
708 1486 894 1524 translates
915 1497 954 1519 as
976 1486 1113 1528 though
1139 1488 1167 1519 it
1188 1498 1279 1522 were

95 1529 334 1573 quantum—‘⁸
345 1530 427 1562 You
446 1540 504 1562 see
522 1529 583 1562 the
601 1532 750 1562 amount
768 1529 808 1562 of
823 1540 891 1563 one
908 1529 1087 1563 another's
1100 1540 1279 1574 company

94 1585 147 1607 we
162 1584 222 1606 are
238 1572 348 1614 likely
363 1576 401 1605 to
417 1572 507 1605 have
523 1573 559 1605 in
574 1572 635 1605 the
650 1572 796 1605 future?
811 1572 832 1586 ’⁹

140 1618 154 1638 ⁶
179 1616 245 1650 See
262 1619 344 1648 note
359 1616 378 1648 b
394 1619 431 1648 to
446 1615 507 1648 the
523 1618 606 1648 next
621 1615 732 1648 letter.

139 1664 153 1680 ⁰
177 1659 220 1692 L.
239 1658 422 1692 Cornelius
446 1658 580 1691 Balbus
600 1658 661 1691 the
686 1657 782 1690 elder
803 1668 876 1691 was
900 1669 923 1690 a
948 1659 1066 1691 native
1087 1657 1128 1691 of
1146 1657 1278 1698 Gades,

93 1706 131 1736 to
162 1702 280 1735 whom
314 1701 470 1743 Pompey
505 1711 596 1743 gave
630 1701 770 1733 Roman
802 1700 1020 1742 citizenship.
1067 1700 1125 1734 He
1155 1701 1278 1735 served

93 1746 224 1779 Caesar
236 1756 276 1778 as
288 1745 484 1787 praefectus
491 1744 638 1786 fabrum
652 1745 687 1776 in
702 1743 814 1785 Spain
827 1745 863 1776 in
878 1746 918 1777 61
936 1754 1014 1782 mc..
1027 1743 1099 1776 and
1112 1743 1183 1777 still
1195 1744 1278 1778 held

92 1789 171 1822 that
204 1790 369 1831 position,
402 1787 540 1830 though
573 1788 717 1829 staying
750 1786 880 1828 mostly
913 1787 950 1819 in
985 1786 1110 1819 Rome.
1157 1787 1200 1820 In
1234 1790 1278 1821 56

93 1831 216 1865 Cicero
230 1830 459 1873 successfully
473 1829 647 1863 defended
663 1830 717 1862 his
731 1829 836 1862 claim
850 1833 888 1862 to
904 1829 1044 1862 Roman
1059 1830 1277 1873 citizenship.

94 1875 197 1908 After
218 1874 378 1907 Caesar-'s
399 1874 505 1906 death
528 1874 572 1906 he
587 1872 709 1916 joined
731 1872 917 1912 Octavian,
937 1872 1011 1905 and
1032 1883 1104 1905 was
1124 1872 1184 1906 the
1203 1873 1279 1907 first

93 1917 217 1951 consul
233 1917 273 1951 of
285 1917 480 1960 provincial
495 1917 699 1950 extraction.

96 1973 148 2007 22
