1448 2236
699 63 900 103 CICERO

202 167 447 217 reipublicae
479 167 750 218 disceptaturl
781 168 909 220 (quod
945 169 1127 220 quidem,
1164 182 1256 208 cum
1294 169 1394 208 haec
1446 179 1448 210 ἰ

202 231 374 282 legeres,
400 234 482 269 iam
508 232 719 270 decretum
747 233 972 272 arbitrabar
997 232 1116 285 fore),
1142 239 1282 272 tamen
1306 237 1393 285 ipsa
1444 277 1448 280 ,

202 295 326 341 fama,
344 309 450 347 quae
468 296 520 335 de
538 302 611 335 tua
628 297 839 336 voluntate
856 298 1123 348 percrebruit,
1140 311 1332 350 magnam
1350 312 1392 337 es
1444 326 1448 328 -

201 361 364 399 laudem
409 367 661 399 consecutus.
717 361 864 413 Itaque
910 365 943 400 si
989 362 1195 402 consulem
1238 362 1393 402 Romae

201 425 494 472 habuissemus,
520 426 773 464 declaratum
801 432 910 465 esset
937 427 989 465 ab
1017 433 1163 466 senatu
1190 441 1282 466 cum
1309 430 1391 466 tuis

201 492 359 541 magnis
395 490 625 536 honoribus,
662 504 784 541 quam
820 497 961 542 gratus
999 497 1108 530 esset
1143 497 1312 530 conatus
1350 498 1411 531 et·
1444 481 1448 485 Ι

202 560 420 605 apparatus
439 561 548 594 tuus.
601 554 723 593 Cuius
742 557 802 594 rei
821 569 901 594 non
926 555 1047 594 modo
1074 569 1155 593 non
1177 559 1392 607 praeteriit
1445 542 1448 571 ἶ

202 625 379 669 tempus,
405 620 478 658 sed
502 614 555 657 ne
582 625 788 658 maturum
811 620 976 671 quidem
1004 622 1129 659 etiam
1154 633 1274 667 nunc,
1299 633 1391 659 meo

203 684 368 735 quidem
395 684 556 730 iudicio,
583 683 674 723 fuit.
729 684 769 723 Is
799 687 907 723 enim
934 685 1111 736 denique
1139 684 1265 724 honos
1291 685 1390 723 mihi
1436 692 1448 738 ἑ

202 749 329 787 videri
345 749 462 794 solet,
479 751 548 800 qui
565 763 645 787 non
660 755 829 800 propter
843 762 958 800 spem
975 748 1102 789 futuri
1117 749 1303 796 benefici,
1319 750 1391 788 sed
1442 737 1448 784 ἶ

201 819 369 864 propter
389 826 540 864 magna
561 816 708 851 merita
729 814 844 852 claris
867 816 963 852 viris
985 813 1170 852 defertur
1192 819 1236 852 et
1257 815 1390 853 datur.
1444 819 1448 853 ,³

163 882 184 914 2
203 877 353 924 Quare,
390 879 443 916 sit
477 877 598 916 modo
645 878 779 928 aliqua
812 878 1039 928 respublica
1072 881 1114 916 in
1149 891 1231 929 qua
1265 878 1391 917 honos
1440 859 1448 914 Ῐ

204 942 362 980 elucere
401 944 543 993 possit,
584 942 782 988 omnibus,
822 942 921 979 mihi
961 942 1096 988 crede,
1138 942 1391 993 amplissimis

203 1005 418 1045 honoribus
445 1006 682 1045 abundabis.
737 1006 776 1045 Is
803 1012 956 1052 autem,
983 1009 1052 1058 qui
1077 1020 1172 1046 vere
1199 1007 1391 1058 appellari
1433 965 1448 1051 i

201 1077 340 1122 potest
358 1071 499 1116 honos,
517 1085 597 1109 non
615 1073 929 1110 invitamentum
948 1072 1000 1110 ad
1017 1077 1194 1122 tempuS,
1211 1071 1286 1110 sed
1300 1084 1392 1122 per·
1435 1054 1448 1159 1

201 1141 354 1186 petuae
398 1138 558 1174 virtutis
604 1141 667 1174 est
710 1138 949 1186 praemium.
1003 1135 1292 1183 Quamobrem,
1335 1138 1390 1173 mi

204 1200 364 1246 Plance,
390 1200 579 1238 incumbe
605 1206 694 1238 toto
719 1206 886 1250 pectore
913 1200 965 1238 ad
989 1200 1181 1245 laudem3
1222 1200 1389 1238 subveni

202 1268 388 1316 patriae3
425 1264 624 1315 opitulare
646 1264 826 1315 collegae
844 1277 854 1309 ;
891 1267 1071 1303 omnium
1092 1266 1278 1316 gentium
1300 1277 1392 1303 con-

203 1343 366 1368 sensum
388 1335 430 1367 et
450 1329 726 1367 incredibilem
747 1331 1085 1379 conspirationem
1107 1329 1264 1367 adiuva.
1319 1328 1392 1367 Me

202 1400 365 1432 tuorum
391 1393 645 1431 consiliorum
672 1393 913 1439 adiutorem,
939 1393 1150 1444 dignitatis
1177 1391 1391 1438 fautorem,
1436 1442 1439 1443 ⁷

203 1459 388 1496 omnibus
412 1460 453 1495 in
478 1458 598 1495 rebus
624 1458 699 1495 tibi
725 1460 1010 1495 amicissimum
1035 1457 1391 1508 fidelissimumque

202 1535 431 1573 cognosces.
485 1522 552 1560 Ad
584 1535 651 1560 eas
683 1524 790 1560 enim
820 1535 974 1567 causas,
1005 1522 1150 1572 quibus
1181 1524 1290 1560 inter
1319 1535 1391 1560 nos

203 1600 339 1624 amore
373 1599 524 1631 sumus,
558 1586 709 1632 officiis,
743 1591 952 1624 vetustate
985 1588 1201 1631 coniuncti,
1234 1588 1391 1636 patriae

516 1688 528 1708 ²
557 1688 778 1731 Wesenbery:
809 1688 983 1731 disceptat
999 1688 1093 1722 libri.

254 1830 269 1846 ⁰
292 1826 367 1858 The
383 1824 493 1858 battle
509 1824 548 1857 of
564 1825 717 1858 Mutina.
1425 1857 1429 1863 ¹

255 1868 268 1888 ⁶
293 1869 428 1901 Hirtius
462 1867 534 1901 had
567 1867 630 1901 left
665 1867 778 1901 Rome
811 1868 848 1900 in
881 1867 1056 1910 January,
1089 1865 1163 1900 and
1197 1866 1313 1900 Pansa
1345 1877 1391 1902 on

209 1912 335 1945 March
350 1911 449 1945 20th.

208 2002 288 2036 324
