1448 2236
651 46 850 86 CICERO

157 153 202 187 et
226 147 369 186 ultima
394 154 660 199 exspectat03
700 163 805 201 quae
831 164 908 202 ego
933 152 1008 190 tibi
1034 158 1078 192 et
1101 155 1276 194 iucunda
1301 162 1344 196 et

117 224 137 256 3
156 219 327 257 honesta
351 220 582 269 praestabo,
636 220 819 259 Pluribus
846 227 890 260 te
916 222 1067 261 hortari
1093 238 1175 263 non
1199 226 1343 267 debeo.

156 289 333 327 Tantum
357 293 516 335 moneo,
541 303 675 341 neque
707 293 909 330 amicitiae
941 293 1238 338 confirmandae
1267 297 1344 335 cla-

156 361 299 397 rissimi
314 372 360 396 ae
375 358 640 397 liberalissimi
655 362 740 406 viri,
752 374 886 413 neque
906 363 1100 402 uberioris
1115 369 1344 415 provinciae

155 442 289 479 neque
305 431 453 467 aetatis
470 432 598 480 magis
614 430 805 469 idoneum
821 437 996 483 tempus,
1013 435 1045 471 si
1061 433 1136 473 hoc
1151 438 1344 484 amiseris,

155 503 200 537 te
236 511 323 537 esse
358 498 484 537 ulllun
519 513 712 550 umquam
745 507 1014 551 reperturum.
1068 504 1170 551 Hoc,
1205 518 1344 557 quem·

158 569 376 606 admodum
403 582 472 607 vos
497 570 671 608 scribere
697 570 833 609 soletis
859 574 901 609 in
925 575 1068 612 vestris
1093 574 1215 621 libris,
1240 576 1350 617 idem
1439 577 1448 614 Ξ

157 638 209 686 Q.
231 637 415 676 Cornelio
436 638 663 678 videbatur.
718 640 766 678 In
786 641 1037 680 Britanniam
1057 649 1100 682 te
1121 644 1349 695 profectum
1442 634 1448 644 Ξ

157 721 238 746 non
263 721 350 746 esse
375 709 549 759 gaudeo,
574 710 683 760 quod
707 716 750 748 et
774 710 910 749 labore
935 715 1111 759 caruisti,
1136 720 1180 753 et
1204 728 1280 766 ego
1304 722 1347 756 te

157 778 209 816 de
231 778 351 816 rebus
374 778 449 816 illis
472 792 552 816 non
575 780 750 818 audiam.
805 781 886 819 Ubi
909 784 961 820 sis
984 782 1281 833 hibernaturus,
1304 792 1348 825 et

156 860 238 899 qua
255 861 327 898 spe
345 853 418 887 aut
435 849 683 896 condicione,
700 852 923 901 perscribas
941 852 995 891 ad
1011 866 1079 891 me
1096 853 1230 894 velim.

681 1003 823 1042 XVIII

509 1111 648 1136 CICERO
675 1111 707 1137 S.
736 1111 774 1137 D.
802 1112 1000 1139 TREBATIO

514 1199 556 1233 In
574 1201 775 1244 Pomptino,
792 1213 899 1236 A.u.c.
917 1205 995 1237 701.

117 1292 135 1326 1
206 1285 356 1335 Accepi
385 1299 410 1323 a
437 1290 481 1324 te
509 1285 663 1336 aliquot
692 1287 883 1336 epistulas
912 1301 992 1326 uno
1019 1293 1218 1340 tempore,
1247 1305 1345 1343 quas

156 1362 202 1393 tu
221 1355 386 1393 diversis
406 1357 655 1406 temporibus
678 1357 862 1403 dederas,
882 1360 924 1395 in
949 1359 1092 1409 quibus
1119 1373 1185 1398 me
1209 1368 1346 1401 cetera

156 1424 440 1471 delectarunt3
485 1426 767 1477 significabant
799 1430 906 1466 enim
937 1433 981 1466 te
1011 1431 1131 1467 istam
1162 1429 1345 1471 militiam

155 1497 237 1532 iam
273 1494 387 1532 firmo
424 1498 557 1534 animo
594 1496 713 1542 ferre,
751 1502 795 1535 et
831 1511 918 1536 esse
954 1497 1103 1537 fortem
1138 1501 1267 1539 virum
1302 1508 1346 1541 et

156 1570 426 1602 constantem.
480 1565 596 1612 Quae
611 1579 686 1617 ego
699 1566 916 1618 paullisper
928 1570 969 1605 in
982 1573 1025 1606 te
1037 1571 1096 1606 ita
1109 1568 1345 1618 desideravi,

156 1647 238 1672 non
262 1634 540 1673 imbecillitate
565 1638 687 1673 animi
713 1640 788 1682 tui,
812 1637 886 1675 sed
909 1640 1052 1688 magis,
1077 1643 1124 1676 ut
1146 1639 1344 1680 desiderio

156 1706 282 1742 nostri
294 1709 338 1742 te
350 1709 538 1742 aestuare
549 1711 751 1755 putarem.
805 1706 941 1754 Quare
953 1720 1093 1758 perge,
1106 1713 1152 1745 ut
1163 1712 1329 1760 coepisti
1334 1723 1344 1756 ;

155 1772 250 1811 forti
267 1776 401 1812 animo
417 1776 537 1812 istam
553 1773 681 1812 tolera
697 1775 881 1813 militiam
900 1788 910 1820 3
940 1776 1082 1822 multa,
1098 1775 1196 1815 mihi
1211 1778 1343 1825 crede,

470 1905 486 1921 ⁶
509 1901 574 1935 See
591 1905 672 1935 note
687 1905 724 1935 to
740 1903 810 1944 Ep.
828 1905 860 1936 8.
877 1905 898 1935 2
914 1903 1038 1937 above.

161 1956 212 1991 54
