<?xml version="1.0" encoding="UTF-8"?>
<!DOCTYPE html PUBLIC "-//W3C//DTD XHTML 1.0 Transitional//EN"
    "http://www.w3.org/TR/xhtml1/DTD/xhtml1-transitional.dtd">
<html xmlns="http://www.w3.org/1999/xhtml" xml:lang="en" lang="en">
 <head>
  <title>
</title>
<meta http-equiv="Content-Type" content="text/html;charset=utf-8" />
  <meta name='ocr-system' content='tesseract 3.04.00' />
  <meta name='ocr-capabilities' content='ocr_page ocr_carea ocr_par ocr_line ocrx_word'/>
</head>
<body>
  <div class='ocr_page' id='page_1' title='image "./letterstohisfrie02ciceuoft_0362.png"; bbox 0 0 1448 2236; ppageno 0'>
   <div class='ocr_carea' id='block_1_1' title="bbox 700 61 900 100">
    <p class='ocr_par' dir='ltr' id='par_1_1' title="bbox 700 61 900 100">
     <span class='ocr_line' id='line_1_1' title="bbox 700 61 900 100; baseline 0.005 -1"><span class='ocrx_word' id='word_1_1' title='bbox 700 61 900 100; x_wconf 90' lang='lat' dir='ltr'>CICERO</span> 
     </span>
    </p>
   </div>
   <div class='ocr_carea' id='block_1_2' title="bbox 163 165 1448 1650">
    <p class='ocr_par' dir='ltr' id='par_1_2' title="bbox 163 165 1448 1650">
     <span class='ocr_line' id='line_1_2' title="bbox 202 165 1390 219; baseline 0.005 -17"><span class='ocrx_word' id='word_1_2' title='bbox 202 170 365 203; x_wconf 83' lang='lat' dir='ltr'><strong>tuarum</strong></span> <span class='ocrx_word' id='word_1_3' title='bbox 391 165 620 204; x_wconf 89' lang='lat' dir='ltr'><strong>litterarum</strong></span> <span class='ocrx_word' id='word_1_4' title='bbox 646 166 699 204; x_wconf 91' lang='lat' dir='ltr'><strong>ad</strong></span> <span class='ocrx_word' id='word_1_5' title='bbox 722 179 790 204; x_wconf 92' lang='lat' dir='ltr'><strong>me</strong></span> <span class='ocrx_word' id='word_1_6' title='bbox 812 169 1023 206; x_wconf 86' lang='lat' dir='ltr'><strong>missarum</strong></span> <span class='ocrx_word' id='word_1_7' title='bbox 1039 170 1235 219; x_wconf 86' lang='lat' dir='ltr'><strong>promissa</strong></span> <span class='ocrx_word' id='word_1_8' title='bbox 1250 172 1390 208; x_wconf 87' lang='lat' dir='ltr'><strong>memi-</strong></span> 
     </span>
     <span class='ocr_line' id='line_1_3' title="bbox 203 225 1394 278; baseline 0.004 -16"><span class='ocrx_word' id='word_1_9' title='bbox 203 227 352 263; x_wconf 89' lang='lat' dir='ltr'><strong>nissem</strong></span> <span class='ocrx_word' id='word_1_10' title='bbox 365 231 409 264; x_wconf 90' lang='lat' dir='ltr'><strong>et</strong></span> <span class='ocrx_word' id='word_1_11' title='bbox 420 225 615 264; x_wconf 90' lang='lat' dir='ltr'><strong>haberem</strong></span> <span class='ocrx_word' id='word_1_12' title='bbox 628 239 652 263; x_wconf 93' lang='lat' dir='ltr'><strong>a</strong></span> <span class='ocrx_word' id='word_1_13' title='bbox 664 226 812 264; x_wconf 85' lang='lat' dir='ltr'>Furnio</span> <span class='ocrx_word' id='word_1_14' title='bbox 824 232 961 266; x_wconf 84' lang='lat' dir='ltr'><strong>nostro</strong></span> <span class='ocrx_word' id='word_1_15' title='bbox 972 232 1047 266; x_wconf 83' lang='lat' dir='ltr'><strong>tua</strong></span> <span class='ocrx_word' id='word_1_16' title='bbox 1056 231 1220 278; x_wconf 89' lang='lat' dir='ltr'><strong>penitus</strong></span> <span class='ocrx_word' id='word_1_17' title='bbox 1231 229 1394 267; x_wconf 83' lang='lat' dir='ltr'><strong>consilia</strong></span> 
     </span>
     <span class='ocr_line' id='line_1_4' title="bbox 201 285 1394 339; baseline 0.003 -16"><span class='ocrx_word' id='word_1_18' title='bbox 201 288 379 336; x_wconf 86' lang='lat' dir='ltr'><strong>cognita.</strong></span> <span class='ocrx_word' id='word_1_19' title='bbox 433 285 515 324; x_wconf 89' lang='lat' dir='ltr'><strong>Sed</strong></span> <span class='ocrx_word' id='word_1_20' title='bbox 537 288 697 324; x_wconf 86' lang='lat' dir='ltr'><strong>senatui</strong></span> <span class='ocrx_word' id='word_1_21' title='bbox 719 289 872 325; x_wconf 89' lang='lat' dir='ltr'><strong>maiora</strong></span> <span class='ocrx_word' id='word_1_22' title='bbox 893 290 979 326; x_wconf 88' lang='lat' dir='ltr'><strong>visa</strong></span> <span class='ocrx_word' id='word_1_23' title='bbox 1001 293 1110 334; x_wconf 89' lang='lat' dir='ltr'><strong>sunt,</strong></span> <span class='ocrx_word' id='word_1_24' title='bbox 1132 301 1255 339; x_wconf 85' lang='lat' dir='ltr'><strong>quam</strong></span> <span class='ocrx_word' id='word_1_25' title='bbox 1278 295 1394 328; x_wconf 91' lang='lat' dir='ltr'><strong>erant</strong></span> 
     </span>
     <span class='ocr_line' id='line_1_5' title="bbox 205 347 1393 398; baseline 0.004 -16"><span class='ocrx_word' id='word_1_26' title='bbox 205 350 445 395; x_wconf 85' lang='lat' dir='ltr'><strong>exspectata</strong></span> <span class='ocrx_word' id='word_1_27' title='bbox 462 358 472 391; x_wconf 94' lang='lat'>;</span> <span class='ocrx_word' id='word_1_28' title='bbox 523 360 604 384; x_wconf 92' lang='lat' dir='ltr'><strong>non</strong></span> <span class='ocrx_word' id='word_1_29' title='bbox 640 359 720 397; x_wconf 93' lang='lat' dir='ltr'><strong>quo</strong></span> <span class='ocrx_word' id='word_1_30' title='bbox 757 359 950 398; x_wconf 88' lang='lat' dir='ltr'><strong>umquam</strong></span> <span class='ocrx_word' id='word_1_31' title='bbox 986 347 1039 386; x_wconf 92' lang='lat' dir='ltr'><strong>de</strong></span> <span class='ocrx_word' id='word_1_32' title='bbox 1073 353 1147 386; x_wconf 87' lang='lat' dir='ltr'><strong>tua</strong></span> <span class='ocrx_word' id='word_1_33' title='bbox 1181 347 1393 387; x_wconf 89' lang='lat' dir='ltr'><strong>voluntate</strong></span> 
     </span>
     <span class='ocr_line' id='line_1_6' title="bbox 202 405 1396 458; baseline 0.004 -16"><span class='ocrx_word' id='word_1_34' title='bbox 202 405 458 451; x_wconf 81' lang='lat' dir='ltr'><strong>dubitasset3</strong></span> <span class='ocrx_word' id='word_1_35' title='bbox 504 406 577 444; x_wconf 91' lang='lat' dir='ltr'><strong>sed</strong></span> <span class='ocrx_word' id='word_1_36' title='bbox 607 420 696 452; x_wconf 90' lang='lat' dir='ltr'><strong>nec,</strong></span> <span class='ocrx_word' id='word_1_37' title='bbox 727 412 926 457; x_wconf 91' lang='lat' dir='ltr'><strong>quantum</strong></span> <span class='ocrx_word' id='word_1_38' title='bbox 955 406 1091 446; x_wconf 87' lang='lat' dir='ltr'><strong>facere</strong></span> <span class='ocrx_word' id='word_1_39' title='bbox 1119 420 1273 458; x_wconf 91' lang='lat' dir='ltr'><strong>posses,</strong></span> <span class='ocrx_word' id='word_1_40' title='bbox 1304 421 1396 455; x_wconf 89' lang='lat' dir='ltr'><strong>nee,</strong></span> 
     </span>
     <span class='ocr_line' id='line_1_7' title="bbox 203 465 1394 517; baseline 0.003 -15"><span class='ocrx_word' id='word_1_41' title='bbox 203 465 338 515; x_wconf 90' lang='lat' dir='ltr'><strong>quoad</strong></span> <span class='ocrx_word' id='word_1_42' title='bbox 372 466 562 516; x_wconf 85' lang='lat' dir='ltr'><strong>progredi</strong></span> <span class='ocrx_word' id='word_1_43' title='bbox 598 466 736 512; x_wconf 86' lang='lat' dir='ltr'><strong>velles,</strong></span> <span class='ocrx_word' id='word_1_44' title='bbox 774 467 1031 517; x_wconf 84' lang='lat' dir='ltr'><strong>exploratum</strong></span> <span class='ocrx_word' id='word_1_45' title='bbox 1067 470 1166 506; x_wconf 89' lang='lat' dir='ltr'><strong>satis</strong></span> <span class='ocrx_word' id='word_1_46' title='bbox 1202 467 1394 507; x_wconf 85' lang='lat' dir='ltr'><strong>habebat.</strong></span> 
     </span>
     <span class='ocr_line' id='line_1_8' title="bbox 163 524 1395 578; baseline 0.004 -16"><span class='ocrx_word' id='word_1_47' title='bbox 163 529 184 561; x_wconf 87' lang='lat'>2</span> <span class='ocrx_word' id='word_1_48' title='bbox 204 524 351 576; x_wconf 87' lang='lat' dir='ltr'><strong>Itaque</strong></span> <span class='ocrx_word' id='word_1_49' title='bbox 373 539 466 563; x_wconf 87' lang='lat' dir='ltr'><strong>cum</strong></span> <span class='ocrx_word' id='word_1_50' title='bbox 489 539 521 563; x_wconf 82' lang='lat' dir='ltr'><strong>a.</strong></span> <span class='ocrx_word' id='word_1_51' title='bbox 549 526 588 564; x_wconf 90' lang='lat' dir='ltr'><strong>d.</strong></span> <span class='ocrx_word' id='word_1_52' title='bbox 611 539 684 564; x_wconf 88' lang='lat' dir='ltr'><strong>vn.</strong></span> <span class='ocrx_word' id='word_1_53' title='bbox 714 526 811 565; x_wconf 92' lang='lat' dir='ltr'><strong>Idus</strong></span> <span class='ocrx_word' id='word_1_54' title='bbox 839 527 1000 578; x_wconf 87' lang='lat' dir='ltr'>Apriles</span> <span class='ocrx_word' id='word_1_55' title='bbox 1027 541 1148 566; x_wconf 86' lang='lat' dir='ltr'><strong>mane</strong></span> <span class='ocrx_word' id='word_1_56' title='bbox 1175 527 1275 566; x_wconf 89' lang='lat' dir='ltr'><strong>mihi</strong></span> <span class='ocrx_word' id='word_1_57' title='bbox 1302 533 1395 567; x_wconf 90' lang='lat' dir='ltr'><strong>tuas</strong></span> 
     </span>
     <span class='ocr_line' id='line_1_9' title="bbox 203 583 1396 639; baseline 0.002 -17"><span class='ocrx_word' id='word_1_58' title='bbox 203 583 360 623; x_wconf 82' lang='lat' dir='ltr'><strong>litteras</strong></span> <span class='ocrx_word' id='word_1_59' title='bbox 391 585 453 624; x_wconf 92' lang='lat' dir='ltr'><strong>M.</strong></span> <span class='ocrx_word' id='word_1_60' title='bbox 480 584 701 624; x_wconf 82' lang='lat' dir='ltr'><strong>Varisidius</strong></span> <span class='ocrx_word' id='word_1_61' title='bbox 729 586 986 633; x_wconf 78' lang='lat' dir='ltr'><strong>reddidisset,</strong></span> <span class='ocrx_word' id='word_1_62' title='bbox 1015 600 1165 638; x_wconf 90' lang='lat' dir='ltr'><strong>easque</strong></span> <span class='ocrx_word' id='word_1_63' title='bbox 1191 587 1396 639; x_wconf 85' lang='lat' dir='ltr'><strong>legissem,</strong></span> 
     </span>
     <span class='ocr_line' id='line_1_10' title="bbox 203 645 1396 698; baseline 0.003 -17"><span class='ocrx_word' id='word_1_64' title='bbox 203 645 427 683; x_wconf 83' lang='lat' dir='ltr'><strong>incredibili</strong></span> <span class='ocrx_word' id='word_1_65' title='bbox 443 645 593 696; x_wconf 85' lang='lat' dir='ltr'><strong>gaudio</strong></span> <span class='ocrx_word' id='word_1_66' title='bbox 617 659 706 683; x_wconf 92' lang='lat' dir='ltr'><strong>sum</strong></span> <span class='ocrx_word' id='word_1_67' title='bbox 734 646 892 691; x_wconf 80' lang='lat' dir='ltr'><strong>elatus;</strong></span> <span class='ocrx_word' id='word_1_68' title='bbox 923 660 1097 697; x_wconf 91' lang='lat' dir='ltr'><strong>cumque</strong></span> <span class='ocrx_word' id='word_1_69' title='bbox 1121 660 1272 698; x_wconf 87' lang='lat' dir='ltr'><strong>magna</strong></span> <span class='ocrx_word' id='word_1_70' title='bbox 1294 646 1396 684; x_wconf 91' lang='lat' dir='ltr'><strong>mul-</strong></span> 
     </span>
     <span class='ocr_line' id='line_1_11' title="bbox 203 704 1448 755; baseline 0.002 -13"><span class='ocrx_word' id='word_1_71' title='bbox 203 704 338 742; x_wconf 89' lang='lat' dir='ltr'><strong>titudo</strong></span> <span class='ocrx_word' id='word_1_72' title='bbox 357 707 603 755; x_wconf 89' lang='lat' dir='ltr'><strong>optimorum</strong></span> <span class='ocrx_word' id='word_1_73' title='bbox 622 708 798 743; x_wconf 85' lang='lat' dir='ltr'><strong>virorum</strong></span> <span class='ocrx_word' id='word_1_74' title='bbox 818 711 862 744; x_wconf 89' lang='lat' dir='ltr'><strong>et</strong></span> <span class='ocrx_word' id='word_1_75' title='bbox 879 709 1027 744; x_wconf 90' lang='lat' dir='ltr'><strong>civium</strong></span> <span class='ocrx_word' id='word_1_76' title='bbox 1044 720 1112 745; x_wconf 92' lang='lat' dir='ltr'><strong>me</strong></span> <span class='ocrx_word' id='word_1_77' title='bbox 1130 707 1250 745; x_wconf 90' lang='lat' dir='ltr'><strong>domo</strong></span> <span class='ocrx_word' id='word_1_78' title='bbox 1269 706 1397 745; x_wconf 90' lang='lat' dir='ltr'><strong>dedu·</strong></span> <span class='ocrx_word' id='word_1_79' title='bbox 1440 712 1448 744; x_wconf 72' lang='grc' dir='ltr'><strong>Ξ</strong></span> 
     </span>
     <span class='ocr_line' id='line_1_12' title="bbox 202 763 1396 817; baseline 0.001 -15"><span class='ocrx_word' id='word_1_80' title='bbox 202 770 329 810; x_wconf 89' lang='lat' dir='ltr'><strong>ceret,</strong></span> <span class='ocrx_word' id='word_1_81' title='bbox 343 763 421 802; x_wconf 89' lang='lat' dir='ltr'><strong>feci</strong></span> <span class='ocrx_word' id='word_1_82' title='bbox 436 768 627 804; x_wconf 85' lang='lat' dir='ltr'><strong>continuo</strong></span> <span class='ocrx_word' id='word_1_83' title='bbox 643 779 782 804; x_wconf 88' lang='lat' dir='ltr'><strong>omnes</strong></span> <span class='ocrx_word' id='word_1_84' title='bbox 797 769 1016 817; x_wconf 85' lang='lat' dir='ltr'><strong>participes</strong></span> <span class='ocrx_word' id='word_1_85' title='bbox 1030 779 1150 805; x_wconf 88' lang='lat' dir='ltr'><strong>meae</strong></span> <span class='ocrx_word' id='word_1_86' title='bbox 1162 766 1396 817; x_wconf 83' lang='lat' dir='ltr'><strong>voluptatis.</strong></span> 
     </span>
     <span class='ocr_line' id='line_1_13' title="bbox 204 823 1448 873; baseline 0.002 -12"><span class='ocrx_word' id='word_1_87' title='bbox 204 823 374 862; x_wconf 88' lang='lat' dir='ltr'><strong>Interim</strong></span> <span class='ocrx_word' id='word_1_88' title='bbox 395 824 446 862; x_wconf 90' lang='lat' dir='ltr'><strong>ad</strong></span> <span class='ocrx_word' id='word_1_89' title='bbox 465 838 532 862; x_wconf 89' lang='lat' dir='ltr'><strong>me</strong></span> <span class='ocrx_word' id='word_1_90' title='bbox 551 827 664 863; x_wconf 84' lang='lat' dir='ltr'><strong>venit</strong></span> <span class='ocrx_word' id='word_1_91' title='bbox 687 825 898 864; x_wconf 83' lang='lat' dir='ltr'><strong>Munatius</strong></span> <span class='ocrx_word' id='word_1_92' title='bbox 919 831 1071 872; x_wconf 89' lang='lat' dir='ltr'><strong>noster,</strong></span> <span class='ocrx_word' id='word_1_93' title='bbox 1092 831 1139 864; x_wconf 89' lang='lat' dir='ltr'><strong>ut</strong></span> <span class='ocrx_word' id='word_1_94' title='bbox 1157 830 1395 869; x_wconf 82' lang='lat' dir='ltr'><strong>consuerat3</strong></span> <span class='ocrx_word' id='word_1_95' title='bbox 1443 830 1448 873; x_wconf 53' lang='grc' dir='ltr'><strong>’ᾖ</strong></span> 
     </span>
     <span class='ocr_line' id='line_1_14' title="bbox 203 883 1448 934; baseline 0 -13"><span class='ocrx_word' id='word_1_96' title='bbox 203 889 247 921; x_wconf 85' lang='lat' dir='ltr'><strong>at</strong></span> <span class='ocrx_word' id='word_1_97' title='bbox 264 897 340 934; x_wconf 89' lang='lat' dir='ltr'><strong>ego</strong></span> <span class='ocrx_word' id='word_1_98' title='bbox 357 886 394 921; x_wconf 94' lang='lat' dir='ltr'><strong>ei</strong></span> <span class='ocrx_word' id='word_1_99' title='bbox 408 883 567 922; x_wconf 83' lang='lat' dir='ltr'><strong>litteras</strong></span> <span class='ocrx_word' id='word_1_100' title='bbox 582 890 674 923; x_wconf 87' lang='lat' dir='ltr'><strong>tuas</strong></span> <span class='ocrx_word' id='word_1_101' title='bbox 692 897 702 930; x_wconf 92' lang='lat'>;</span> <span class='ocrx_word' id='word_1_102' title='bbox 732 884 929 923; x_wconf 89' lang='lat' dir='ltr'><strong>nihildum</strong></span> <span class='ocrx_word' id='word_1_103' title='bbox 945 888 1053 924; x_wconf 92' lang='lat' dir='ltr'><strong>enim</strong></span> <span class='ocrx_word' id='word_1_104' title='bbox 1068 886 1235 924; x_wconf 84' lang='lat' dir='ltr'><strong>sciebat.</strong></span> <span class='ocrx_word' id='word_1_105' title='bbox 1288 884 1394 922; x_wconf 92' lang='lat' dir='ltr'><strong>Nam</strong></span> <span class='ocrx_word' id='word_1_106' title='bbox 1439 886 1448 921; x_wconf 84' lang='lat'><strong>¹.</strong></span> 
     </span>
     <span class='ocr_line' id='line_1_15' title="bbox 204 943 1438 995; baseline 0 -15"><span class='ocrx_word' id='word_1_107' title='bbox 204 943 256 980; x_wconf 88' lang='lat' dir='ltr'><strong>ad</strong></span> <span class='ocrx_word' id='word_1_108' title='bbox 275 956 342 981; x_wconf 90' lang='lat' dir='ltr'><strong>me</strong></span> <span class='ocrx_word' id='word_1_109' title='bbox 361 946 536 993; x_wconf 88' lang='lat' dir='ltr'><strong>primum</strong></span> <span class='ocrx_word' id='word_1_110' title='bbox 556 943 790 990; x_wconf 84' lang='lat' dir='ltr'><strong>VarisidiuS,</strong></span> <span class='ocrx_word' id='word_1_111' title='bbox 809 945 933 995; x_wconf 89' lang='lat' dir='ltr'><strong>idque</strong></span> <span class='ocrx_word' id='word_1_112' title='bbox 953 945 1029 983; x_wconf 92' lang='lat' dir='ltr'><strong>sibi</strong></span> <span class='ocrx_word' id='word_1_113' title='bbox 1049 958 1074 983; x_wconf 87' lang='lat' dir='ltr'><strong>a</strong></span> <span class='ocrx_word' id='word_1_114' title='bbox 1091 950 1136 983; x_wconf 90' lang='lat' dir='ltr'><strong>te</strong></span> <span class='ocrx_word' id='word_1_115' title='bbox 1158 944 1396 982; x_wconf 86' lang='lat' dir='ltr'><strong>mandatum</strong></span> <span class='ocrx_word' id='word_1_116' title='bbox 1436 978 1438 980; x_wconf 85' lang='grc'><em>,</em></span> 
     </span>
     <span class='ocr_line' id='line_1_16' title="bbox 203 1002 1448 1054; baseline 0 -13"><span class='ocrx_word' id='word_1_117' title='bbox 203 1016 290 1041; x_wconf 90' lang='lat' dir='ltr'><strong>esse</strong></span> <span class='ocrx_word' id='word_1_118' title='bbox 313 1003 489 1042; x_wconf 88' lang='lat' dir='ltr'><strong>dicebat.</strong></span> <span class='ocrx_word' id='word_1_119' title='bbox 544 1003 684 1042; x_wconf 89' lang='lat' dir='ltr'><strong>Paullo</strong></span> <span class='ocrx_word' id='word_1_120' title='bbox 709 1009 803 1054; x_wconf 88' lang='lat' dir='ltr'><strong>post</strong></span> <span class='ocrx_word' id='word_1_121' title='bbox 829 1005 939 1042; x_wconf 92' lang='lat' dir='ltr'><strong>idem</strong></span> <span class='ocrx_word' id='word_1_122' title='bbox 964 1004 1063 1042; x_wconf 89' lang='lat' dir='ltr'><strong>mihi</strong></span> <span class='ocrx_word' id='word_1_123' title='bbox 1091 1004 1302 1043; x_wconf 88' lang='lat' dir='ltr'><strong>Munatius</strong></span> <span class='ocrx_word' id='word_1_124' title='bbox 1328 1017 1396 1042; x_wconf 89' lang='lat' dir='ltr'><strong>eas</strong></span> <span class='ocrx_word' id='word_1_125' title='bbox 1431 1002 1448 1015; x_wconf 55' lang='lat'><strong>⁷*</strong></span> 
     </span>
     <span class='ocr_line' id='line_1_17' title="bbox 203 1062 1448 1117; baseline 0.002 -17"><span class='ocrx_word' id='word_1_126' title='bbox 203 1062 361 1101; x_wconf 87' lang='lat' dir='ltr'><strong>litteras</strong></span> <span class='ocrx_word' id='word_1_127' title='bbox 381 1063 575 1114; x_wconf 87' lang='lat' dir='ltr'><strong>legendas</strong></span> <span class='ocrx_word' id='word_1_128' title='bbox 593 1063 724 1108; x_wconf 91' lang='lat' dir='ltr'><strong>dedit,</strong></span> <span class='ocrx_word' id='word_1_129' title='bbox 744 1076 843 1114; x_wconf 91' lang='lat' dir='ltr'><strong>quas</strong></span> <span class='ocrx_word' id='word_1_130' title='bbox 859 1066 935 1114; x_wconf 90' lang='lat' dir='ltr'><strong>ipsi</strong></span> <span class='ocrx_word' id='word_1_131' title='bbox 946 1066 1127 1110; x_wconf 89' lang='lat' dir='ltr'><strong>miseras,</strong></span> <span class='ocrx_word' id='word_1_132' title='bbox 1142 1069 1186 1102; x_wconf 88' lang='lat' dir='ltr'><strong>et</strong></span> <span class='ocrx_word' id='word_1_133' title='bbox 1200 1077 1282 1108; x_wconf 81' lang='lat' dir='ltr'><strong>eas,</strong></span> <span class='ocrx_word' id='word_1_134' title='bbox 1297 1076 1396 1114; x_wconf 85' lang='lat' dir='ltr'><strong>quas</strong></span> <span class='ocrx_word' id='word_1_135' title='bbox 1446 1111 1448 1117; x_wconf 15' lang='grc' dir='ltr'>ἲ</span> 
     </span>
     <span class='ocr_line' id='line_1_18' title="bbox 164 1122 1397 1174; baseline 0 -14"><span class='ocrx_word' id='word_1_136' title='bbox 164 1127 185 1159; x_wconf 87' lang='grc'><strong>3</strong></span> <span class='ocrx_word' id='word_1_137' title='bbox 203 1122 377 1172; x_wconf 90' lang='lat' dir='ltr'><strong>publice.</strong></span> <span class='ocrx_word' id='word_1_138' title='bbox 420 1122 578 1162; x_wconf 89' lang='lat' dir='ltr'><strong>Placuit</strong></span> <span class='ocrx_word' id='word_1_139' title='bbox 597 1124 726 1168; x_wconf 91' lang='lat' dir='ltr'><strong>nobis,</strong></span> <span class='ocrx_word' id='word_1_140' title='bbox 746 1129 793 1162; x_wconf 89' lang='lat' dir='ltr'><strong>ut</strong></span> <span class='ocrx_word' id='word_1_141' title='bbox 812 1126 953 1162; x_wconf 90' lang='lat' dir='ltr'><strong>statim</strong></span> <span class='ocrx_word' id='word_1_142' title='bbox 973 1124 1025 1162; x_wconf 89' lang='lat' dir='ltr'><strong>ad</strong></span> <span class='ocrx_word' id='word_1_143' title='bbox 1044 1123 1268 1162; x_wconf 90' lang='lat' dir='ltr'><strong>Cornutum</strong></span> <span class='ocrx_word' id='word_1_144' title='bbox 1281 1136 1397 1174; x_wconf 87' lang='lat' dir='ltr'><strong>prae-</strong></span> 
     </span>
     <span class='ocr_line' id='line_1_19' title="bbox 173 1181 1439 1234; baseline 0 -15"><span class='ocrx_word' id='word_1_145' title='bbox 173 1183 542 1220; x_wconf 87' lang='lat' dir='ltr'><strong>&#39;toremurbanum</strong></span> <span class='ocrx_word' id='word_1_146' title='bbox 553 1182 711 1221; x_wconf 84' lang='lat' dir='ltr'><strong>litteras</strong></span> <span class='ocrx_word' id='word_1_147' title='bbox 722 1181 989 1228; x_wconf 87' lang='lat' dir='ltr'><strong>deferremus,</strong></span> <span class='ocrx_word' id='word_1_148' title='bbox 1001 1185 1086 1234; x_wconf 91' lang='lat' dir='ltr'><strong>qui,</strong></span> <span class='ocrx_word' id='word_1_149' title='bbox 1099 1181 1396 1234; x_wconf 90' lang='lat' dir='ltr'><strong>quodconsules</strong></span> <span class='ocrx_word' id='word_1_150' title='bbox 1436 1186 1439 1187; x_wconf 71' lang='grc'>’</span> 
     </span>
     <span class='ocr_line' id='line_1_20' title="bbox 205 1242 1395 1287; baseline 0 -8"><span class='ocrx_word' id='word_1_151' title='bbox 205 1242 389 1287; x_wconf 85' lang='lat' dir='ltr'><strong>aberant,</strong></span> <span class='ocrx_word' id='word_1_152' title='bbox 409 1242 618 1280; x_wconf 88' lang='lat' dir='ltr'><strong>consulare</strong></span> <span class='ocrx_word' id='word_1_153' title='bbox 637 1255 783 1280; x_wconf 92' lang='lat' dir='ltr'><strong>munus</strong></span> <span class='ocrx_word' id='word_1_154' title='bbox 804 1243 1034 1281; x_wconf 87' lang='lat' dir='ltr'><strong>sustinebat</strong></span> <span class='ocrx_word' id='word_1_155' title='bbox 1051 1255 1164 1281; x_wconf 90' lang='lat' dir='ltr'><strong>more</strong></span> <span class='ocrx_word' id='word_1_156' title='bbox 1183 1244 1395 1280; x_wconf 83' lang='lat' dir='ltr'><strong>maiorum.</strong></span> 
     </span>
     <span class='ocr_line' id='line_1_21' title="bbox 203 1299 1398 1353; baseline -0.001 -14"><span class='ocrx_word' id='word_1_157' title='bbox 203 1299 378 1339; x_wconf 86' lang='lat' dir='ltr'><strong>Senatus</strong></span> <span class='ocrx_word' id='word_1_158' title='bbox 407 1307 470 1340; x_wconf 90' lang='lat' dir='ltr'><strong>est</strong></span> <span class='ocrx_word' id='word_1_159' title='bbox 498 1304 691 1340; x_wconf 89' lang='lat' dir='ltr'><strong>continuo</strong></span> <span class='ocrx_word' id='word_1_160' title='bbox 719 1307 976 1347; x_wconf 85' lang='lat' dir='ltr'><strong>convocatus,</strong></span> <span class='ocrx_word' id='word_1_161' title='bbox 1004 1301 1278 1353; x_wconf 86' lang='lat' dir='ltr'><strong>frequensque</strong></span> <span class='ocrx_word' id='word_1_162' title='bbox 1303 1314 1398 1339; x_wconf 88' lang='lat' dir='ltr'><strong>con-</strong></span> 
     </span>
     <span class='ocr_line' id='line_1_22' title="bbox 203 1360 1397 1412; baseline -0.001 -14"><span class='ocrx_word' id='word_1_163' title='bbox 203 1363 316 1399; x_wconf 90' lang='lat' dir='ltr'><strong>venit</strong></span> <span class='ocrx_word' id='word_1_164' title='bbox 340 1367 509 1412; x_wconf 90' lang='lat' dir='ltr'><strong>propter</strong></span> <span class='ocrx_word' id='word_1_165' title='bbox 533 1360 685 1399; x_wconf 83' lang='lat' dir='ltr'><strong>famam</strong></span> <span class='ocrx_word' id='word_1_166' title='bbox 711 1367 836 1412; x_wconf 90' lang='lat' dir='ltr'><strong>atque</strong></span> <span class='ocrx_word' id='word_1_167' title='bbox 861 1364 1211 1412; x_wconf 85' lang='lat' dir='ltr'><strong>exspectationem</strong></span> <span class='ocrx_word' id='word_1_168' title='bbox 1234 1366 1397 1399; x_wconf 80' lang='lat' dir='ltr'><strong>tuarum</strong></span> 
     </span>
     <span class='ocr_line' id='line_1_23' title="bbox 203 1420 1397 1472; baseline -0.001 -14"><span class='ocrx_word' id='word_1_169' title='bbox 203 1420 445 1459; x_wconf 89' lang='lat' dir='ltr'><strong>litterarum.</strong></span> <span class='ocrx_word' id='word_1_170' title='bbox 499 1420 696 1459; x_wconf 88' lang='lat' dir='ltr'><strong>Recitatis</strong></span> <span class='ocrx_word' id='word_1_171' title='bbox 717 1421 879 1466; x_wconf 85' lang='lat' dir='ltr'><strong>litteris,</strong></span> <span class='ocrx_word' id='word_1_172' title='bbox 900 1420 1038 1459; x_wconf 87' lang='lat' dir='ltr'><strong>oblata</strong></span> <span class='ocrx_word' id='word_1_173' title='bbox 1056 1420 1198 1472; x_wconf 86' lang='lat' dir='ltr'><strong>religio</strong></span> <span class='ocrx_word' id='word_1_174' title='bbox 1219 1420 1397 1459; x_wconf 89' lang='lat' dir='ltr'><strong>Cornuto</strong></span> 
     </span>
     <span class='ocr_line' id='line_1_24' title="bbox 206 1480 1396 1531; baseline -0.002 -13"><span class='ocrx_word' id='word_1_175' title='bbox 206 1486 269 1518; x_wconf 87' lang='lat' dir='ltr'><strong>est</strong></span> <span class='ocrx_word' id='word_1_176' title='bbox 295 1481 555 1531; x_wconf 87' lang='lat' dir='ltr'><strong>pullariorum</strong></span> <span class='ocrx_word' id='word_1_177' title='bbox 584 1481 795 1519; x_wconf 86' lang='lat' dir='ltr'><strong>admonitu</strong></span> <span class='ocrx_word' id='word_1_178' title='bbox 823 1494 904 1518; x_wconf 93' lang='lat' dir='ltr'><strong>non</strong></span> <span class='ocrx_word' id='word_1_179' title='bbox 931 1483 1029 1518; x_wconf 87' lang='lat' dir='ltr'><strong>satis</strong></span> <span class='ocrx_word' id='word_1_180' title='bbox 1057 1480 1275 1531; x_wconf 88' lang='lat' dir='ltr'><strong>diligenter</strong></span> <span class='ocrx_word' id='word_1_181' title='bbox 1302 1491 1396 1517; x_wconf 89' lang='lat' dir='ltr'><strong>eum</strong></span> 
     </span>
     <span class='ocr_line' id='line_1_25' title="bbox 205 1538 1439 1591; baseline -0.001 -14"><span class='ocrx_word' id='word_1_182' title='bbox 205 1542 390 1590; x_wconf 91' lang='lat' dir='ltr'><strong>auspiciis</strong></span> <span class='ocrx_word' id='word_1_183' title='bbox 421 1553 586 1590; x_wconf 88' lang='lat' dir='ltr'><strong>operam</strong></span> <span class='ocrx_word' id='word_1_184' title='bbox 619 1540 807 1585; x_wconf 85' lang='lat' dir='ltr'><strong>dedisse3</strong></span> <span class='ocrx_word' id='word_1_185' title='bbox 844 1540 970 1591; x_wconf 90' lang='lat' dir='ltr'><strong>idque</strong></span> <span class='ocrx_word' id='word_1_186' title='bbox 999 1553 1025 1578; x_wconf 83' lang='lat' dir='ltr'><strong>a</strong></span> <span class='ocrx_word' id='word_1_187' title='bbox 1059 1545 1197 1578; x_wconf 89' lang='lat' dir='ltr'><strong>nostro</strong></span> <span class='ocrx_word' id='word_1_188' title='bbox 1226 1538 1394 1589; x_wconf 89' lang='lat' dir='ltr'><strong>collegio</strong></span> <span class='ocrx_word' id='word_1_189' title='bbox 1435 1568 1439 1582; x_wconf 41' lang='lat' dir='ltr'>s</span> 
     </span>
     <span class='ocr_line' id='line_1_26' title="bbox 204 1599 1394 1650; baseline -0.003 -12"><span class='ocrx_word' id='word_1_190' title='bbox 204 1601 511 1650; x_wconf 81' lang='lat' dir='ltr'><strong>comprobatum</strong></span> <span class='ocrx_word' id='word_1_191' title='bbox 531 1605 607 1638; x_wconf 86' lang='lat' dir='ltr'><strong>est.</strong></span> <span class='ocrx_word' id='word_1_192' title='bbox 661 1599 808 1650; x_wconf 88' lang='lat' dir='ltr'><strong>Itaque</strong></span> <span class='ocrx_word' id='word_1_193' title='bbox 822 1613 887 1638; x_wconf 89' lang='lat' dir='ltr'><strong>res</strong></span> <span class='ocrx_word' id='word_1_194' title='bbox 902 1600 1028 1638; x_wconf 88' lang='lat' dir='ltr'><strong>dilata</strong></span> <span class='ocrx_word' id='word_1_195' title='bbox 1043 1602 1161 1638; x_wconf 89' lang='lat' dir='ltr'><strong>estin</strong></span> <span class='ocrx_word' id='word_1_196' title='bbox 1174 1604 1394 1650; x_wconf 90' lang='lat' dir='ltr'><strong>posterum.</strong></span> 
     </span>
    </p>
   </div>
   <div class='ocr_carea' id='block_1_3' title="bbox 208 1711 1438 1968">
    <p class='ocr_par' dir='ltr' id='par_1_3' title="bbox 208 1711 1438 1968">
     <span class='ocr_line' id='line_1_27' title="bbox 256 1711 1438 1796; baseline -0.003 -9"><span class='ocrx_word' id='word_1_197' title='bbox 256 1716 272 1774; x_wconf 60' lang='grc' dir='ltr'><strong><em>ἶ</em></strong></span> <span class='ocrx_word' id='word_1_198' title='bbox 294 1711 491 1788; x_wconf 45' lang='grc' dir='ltr'><strong>ἕίὲεἳιέξνὲ</strong></span> <span class='ocrx_word' id='word_1_199' title='bbox 498 1735 542 1787; x_wconf 67' lang='lat' dir='ltr'><strong>&#39;of</strong></span> <span class='ocrx_word' id='word_1_200' title='bbox 554 1753 717 1792; x_wconf 86' lang='lat' dir='ltr'><strong>Plancus,</strong></span> <span class='ocrx_word' id='word_1_201' title='bbox 734 1753 799 1787; x_wconf 86' lang='lat' dir='ltr'><strong>but</strong></span> <span class='ocrx_word' id='word_1_202' title='bbox 815 1756 879 1786; x_wconf 87' lang='lat' dir='ltr'><strong>not</strong></span> <span class='ocrx_word' id='word_1_203' title='bbox 893 1753 948 1787; x_wconf 89' lang='lat' dir='ltr'><strong>his</strong></span> <span class='ocrx_word' id='word_1_204' title='bbox 962 1753 1116 1792; x_wconf 86' lang='lat' dir='ltr'><strong>brother,</strong></span> <span class='ocrx_word' id='word_1_205' title='bbox 1129 1753 1209 1786; x_wconf 87' lang='lat' dir='ltr'><strong>who</strong></span> <span class='ocrx_word' id='word_1_206' title='bbox 1225 1763 1297 1786; x_wconf 87' lang='lat' dir='ltr'><strong>was</strong></span> <span class='ocrx_word' id='word_1_207' title='bbox 1312 1751 1396 1784; x_wconf 84' lang='lat' dir='ltr'><strong>with</strong></span> <span class='ocrx_word' id='word_1_208' title='bbox 1435 1790 1438 1796; x_wconf 46' lang='grc'><strong>,</strong></span> 
     </span>
     <span class='ocr_line' id='line_1_28' title="bbox 208 1797 1437 1882; baseline -0.003 -8"><span class='ocrx_word' id='word_1_209' title='bbox 208 1798 283 1831; x_wconf 70' lang='lat' dir='ltr'><strong>him</strong></span> <span class='ocrx_word' id='word_1_210' title='bbox 257 1797 484 1874; x_wconf 49' lang='lat' dir='ltr'><strong>oglffiGcgss</strong></span> <span class='ocrx_word' id='word_1_211' title='bbox 475 1841 511 1873; x_wconf 91' lang='lat' dir='ltr'><strong>in</strong></span> <span class='ocrx_word' id='word_1_212' title='bbox 536 1840 666 1882; x_wconf 85' lang='lat' dir='ltr'><strong>charge</strong></span> <span class='ocrx_word' id='word_1_213' title='bbox 690 1838 730 1872; x_wconf 83' lang='lat' dir='ltr'><strong>of</strong></span> <span class='ocrx_word' id='word_1_214' title='bbox 751 1840 812 1872; x_wconf 84' lang='lat' dir='ltr'><strong>the</strong></span> <span class='ocrx_word' id='word_1_215' title='bbox 835 1838 958 1872; x_wconf 87' lang='lat' dir='ltr'><strong>sacred</strong></span> <span class='ocrx_word' id='word_1_216' title='bbox 982 1838 1162 1877; x_wconf 87' lang='lat' dir='ltr'><strong>chickens,</strong></span> <span class='ocrx_word' id='word_1_217' title='bbox 1187 1838 1268 1870; x_wconf 85' lang='lat' dir='ltr'><strong>who</strong></span> <span class='ocrx_word' id='word_1_218' title='bbox 1290 1839 1395 1870; x_wconf 83' lang='lat' dir='ltr'><strong>inter·</strong></span> <span class='ocrx_word' id='word_1_219' title='bbox 1434 1870 1437 1879; x_wconf 49' lang='lat'><strong><em>¹</em></strong></span> 
     </span>
     <span class='ocr_line' id='line_1_29' title="bbox 209 1880 1395 1926; baseline -0.003 -10"><span class='ocrx_word' id='word_1_220' title='bbox 209 1883 332 1926; x_wconf 87' lang='lat' dir='ltr'><strong>preted</strong></span> <span class='ocrx_word' id='word_1_221' title='bbox 361 1883 422 1917; x_wconf 86' lang='lat' dir='ltr'><strong>the</strong></span> <span class='ocrx_word' id='word_1_222' title='bbox 445 1893 567 1916; x_wconf 90' lang='lat' dir='ltr'><strong>omens</strong></span> <span class='ocrx_word' id='word_1_223' title='bbox 592 1882 614 1896; x_wconf 89' lang='grc'>“</span> <span class='ocrx_word' id='word_1_224' title='bbox 629 1893 672 1916; x_wconf 83' lang='lat' dir='ltr'><strong>ex</strong></span> <span class='ocrx_word' id='word_1_225' title='bbox 700 1884 770 1924; x_wconf 86' lang='lat' dir='ltr'><strong>trip</strong></span> <span class='ocrx_word' id='word_1_226' title='bbox 772 1881 887 1914; x_wconf 87' lang='lat' dir='ltr'><strong>udiis’</strong></span> <span class='ocrx_word' id='word_1_227' title='bbox 892 1881 1008 1914; x_wconf 85' lang='lat' dir='ltr'><strong>&#39;—the</strong></span> <span class='ocrx_word' id='word_1_228' title='bbox 1030 1892 1111 1923; x_wconf 83' lang='lat' dir='ltr'><strong>way</strong></span> <span class='ocrx_word' id='word_1_229' title='bbox 1135 1883 1171 1915; x_wconf 90' lang='lat' dir='ltr'><strong>in</strong></span> <span class='ocrx_word' id='word_1_230' title='bbox 1196 1880 1310 1914; x_wconf 85' lang='lat' dir='ltr'><strong>which</strong></span> <span class='ocrx_word' id='word_1_231' title='bbox 1335 1880 1395 1913; x_wconf 80' lang='lat' dir='ltr'><strong>the</strong></span> 
     </span>
     <span class='ocr_line' id='line_1_30' title="bbox 208 1893 1104 1968; baseline -0.001 -9"><span class='ocrx_word' id='word_1_232' title='bbox 208 1926 377 1960; x_wconf 80' lang='lat' dir='ltr'><strong>chiekens</strong></span> <span class='ocrx_word' id='word_1_233' title='bbox 391 1925 451 1960; x_wconf 84' lang='lat' dir='ltr'><strong>fed</strong></span> <span class='ocrx_word' id='word_1_234' title='bbox 467 1925 539 1958; x_wconf 88' lang='lat' dir='ltr'><strong>and</strong></span> <span class='ocrx_word' id='word_1_235' title='bbox 555 1925 615 1959; x_wconf 89' lang='lat' dir='ltr'><strong>the</strong></span> <span class='ocrx_word' id='word_1_236' title='bbox 631 1927 733 1968; x_wconf 84' lang='lat' dir='ltr'><strong>grain</strong></span> <span class='ocrx_word' id='word_1_237' title='bbox 747 1893 810 1958; x_wconf 89' lang='lat' dir='ltr'><strong>fell</strong></span> <span class='ocrx_word' id='word_1_238' title='bbox 824 1928 862 1958; x_wconf 92' lang='lat' dir='ltr'><strong>to</strong></span> <span class='ocrx_word' id='word_1_239' title='bbox 877 1925 938 1958; x_wconf 88' lang='lat' dir='ltr'><strong>the</strong></span> <span class='ocrx_word' id='word_1_240' title='bbox 952 1924 1104 1968; x_wconf 80' lang='lat' dir='ltr'><strong>ground.</strong></span> 
     </span>
    </p>
   </div>
   <div class='ocr_carea' id='block_1_4' title="bbox 212 1983 290 2016">
    <p class='ocr_par' dir='ltr' id='par_1_4' title="bbox 212 1983 290 2016">
     <span class='ocr_line' id='line_1_31' title="bbox 212 1983 290 2016; baseline -0.013 0"><span class='ocrx_word' id='word_1_241' title='bbox 212 1983 290 2016; x_wconf 73' lang='lat'><strong>332</strong></span> 
     </span>
    </p>
   </div>
   <div class='ocr_carea' id='block_1_5' title="bbox 1425 944 1448 2007">
    <p class='ocr_par' dir='ltr' id='par_1_5' title="bbox 1425 944 1448 2007">
     <span class='ocr_line' id='line_1_32' title="bbox 1425 944 1448 2007; baseline 0 0"><span class='ocrx_word' id='word_1_242' title='bbox 1425 944 1448 2007; x_wconf 95' lang='lat' dir='ltr'><strong> </strong></span> 
     </span>
    </p>
   </div>
  </div>
 </body>
</html>
