1430 2242
619 57 820 97 CICERO

667 177 768 216 VIII

537 298 676 324 CICERO
702 297 900 325 TREBATIO

536 372 683 412 Romae,
701 383 807 406 A.u.c.
825 374 903 405 700.

86 455 102 488 1
173 449 338 500 Scripsit
366 450 419 488 ad
446 462 512 488 me
541 449 689 487 Caesar
706 448 1034 500 perhumaniter,
1061 448 1241 487 nondum
1267 452 1312 486 te

123 505 198 541 sibi
220 507 316 542 satis
341 517 429 542 esse
451 502 690 541 familiarem
712 508 879 553 propter
901 505 1184 553 occupationes
1207 514 1312 546 suas,

123 558 195 596 sed
212 563 322 596 certo
339 557 439 595 fore.
493 557 567 594 Cui
585 557 749 608 quidem
769 569 844 608 ego
861 558 1058 607 rescripsi,
1076 569 1199 607 quam
1214 555 1312 593 mihi

122 617 285 662 gratum
306 617 414 649 esset
432 610 628 656 futurum,
643 613 675 648 si
695 624 818 661 quam
836 610 1054 658 plurimum
1071 612 1114 647 in
1126 614 1171 660 te
1189 609 1312 654 studi,

121 666 236 711 offici,
278 665 531 703 liberalitatis
574 677 671 702 suae
713 663 963 702 contulisset.
1015 662 1097 702 Sed
1139 676 1190 700 ex
1231 665 1311 700 tuis

122 718 267 757 litteris
282 721 450 770 cognovi
463 731 776 769 praeproperam
791 717 996 769 quandam
1008 716 1312 755 festinationem

122 778 250 819 tuam,
276 779 319 811 et
343 772 461 810 simul
485 786 574 810 sum
598 772 834 817 admiratus,
859 785 928 809 cur
952 771 1182 809 tribunatus
1207 783 1312 808 com-

122 827 255 872 moda,
304 826 471 877 dempto
519 828 759 876 praesertim
806 825 943 863 labore
991 824 1174 870 militiae,
1221 836 1312 861 con-

82 886 102 918 2
123 883 348 931 tempseris.
402 880 559 927 Querar
586 893 678 917 cum
705 879 880 917 Vacerra
908 884 951 916 et
981 877 1178 922 Manilio;
1217 890 1312 914 nam

123 934 306 972 Cornelio
327 933 424 971 nihil
446 933 576 972 audeo
598 933 746 978 dicere,
767 935 879 970 cuius
899 938 946 970 tu
966 931 1144 982 periculo
1165 930 1312 969 stultus

123 1001 179 1034 es,
198 988 359 1039 quando
377 993 421 1025 te
439 988 491 1025 ab
510 1001 557 1025 eo
576 999 718 1037 sapere
736 986 921 1025 didicisse
938 985 1151 1036 profiteris.
1205 983 1314 1031 Quin

122 1047 169 1080 tu
188 1055 308 1093 urges
328 1044 448 1079 istam
468 1043 718 1078 occasionem
739 1046 782 1078 et
800 1039 1054 1084 facultatem,
1074 1051 1155 1090 qua
1173 1037 1342 1075 melior

122 1109 344 1147 numquam
364 1097 604 1146 reperietur.
658 1094 777 1142 Quod
799 1094 935 1132 scribis
957 1093 1010 1131 de
1031 1092 1098 1130 illo
1121 1091 1313 1129 Preciano

123 1149 406 1194 iureconsulto,
446 1161 522 1199 ego
560 1153 604 1186 te
643 1151 681 1186 ei
718 1161 800 1186 non
837 1147 977 1185 desino
1015 1145 1312 1184 commendare.

123 1203 268 1241 Scribit
292 1205 400 1240 enim
422 1205 508 1252 ipse
531 1201 642 1247 mihi,
665 1207 708 1239 te
731 1201 806 1239 sibi
828 1203 979 1252 gratias
1002 1211 1124 1251 agere
1146 1198 1310 1237 debere.

124 1257 189 1295 De
211 1270 259 1294 eo
280 1257 378 1307 quid
399 1258 465 1301 sit,
484 1269 594 1301 cura,
615 1261 662 1293 ut
682 1257 818 1293 sciam.
872 1254 960 1306 Ego
981 1258 1134 1292 vestras
1155 1251 1311 1290 litteras

122 1311 372 1349 Britannicas
391 1315 597 1360 exspecto.

688 1425 748 1463 IX

500 1546 547 1572 M.
574 1545 713 1571 CICERO
739 1543 936 1570 TREBATIO

537 1619 684 1658 Romae,
701 1629 808 1651 aas-c.
825 1620 903 1651 700.

88 1704 103 1737 l
177 1698 334 1736 Iamdiu
369 1699 523 1748 ignoro,
561 1696 658 1746 quid
693 1708 804 1745 agas.
858 1693 967 1732 Nihil
1004 1695 1111 1732 em’m
1147 1692 1310 1737 scribis3

124 1765 257 1803 neque
289 1765 364 1802 ego
395 1751 448 1789 ad
477 1755 521 1787 te
550 1749 611 1787 his
642 1749 798 1786 duobus
828 1747 1033 1785 mensibus
1062 1749 1310 1797 scripseram.

168 1819 183 1834 ⁴³
210 1814 302 1846 Both
318 1812 425 1846 noted
437 1811 558 1854 jux-ists
575 1810 615 1843 of
627 1811 687 1843 the
703 1810 787 1851 day.

167 1856 182 1877 δ
205 1856 365 1889 Another
380 1858 480 1898 great
494 1855 636 1896 lawyer‚
652 1853 731 1886 who
747 1851 819 1885 had
833 1852 922 1885 been
938 1850 1154 1884 Trebatius's
1168 1853 1274 1883 tutor.

170 1905 183 1922 ⁶
206 1900 334 1942 Sapere
358 1902 527 1932 eonnotes
558 1896 651 1939 legal
673 1896 903 1938 learning—‘⁶
914 1894 1044 1936 taught
1066 1904 1138 1936 you
1160 1897 1199 1926 to
1221 1893 1266 1926 be
1289 1903 1311 1926 a

133 1945 216 1976 wise
233 1941 399 1985 lawyer.”

132 2001 183 2033 30
