1448 2236
642 59 844 100 CICERO

664 196 781 236 XXV

539 314 679 339 CICERO
707 314 794 340 nar.
822 315 948 342 PAETO

533 396 743 437 Laodiceae,
759 408 866 431 A.u.c.
883 400 961 432 704.

111 487 127 520 l
198 481 410 521 Summum
422 495 490 521 me
502 482 647 521 ducem
660 483 823 521 litterae
836 489 933 522 tuae
945 484 1173 525 reddidere.
1211 482 1338 526 Plane

149 537 379 574 nesciebam
400 542 443 575 te
465 542 551 574 tam
570 539 748 588 peritum
770 551 856 575 esse
877 540 935 576 rei
955 539 1149 577 militaris.
1195 539 1338 591 Pyrrhi

148 595 192 629 te
215 590 335 628 libros
361 596 404 628 et
427 590 578 628 Cineae
601 591 718 629 video
740 591 958 630 lectitasse.
1013 592 1159 644 Itaque
1181 594 1338 632 obtem-

147 657 292 695 perare
309 646 444 695 cogito
460 647 690 695 praeceptis
707 647 787 683 tuis
806 658 816 691 ;
846 645 921 684 hoc
939 646 1122 697 amplius,
1139 647 1338 686 navicula-

148 711 237 735 rum
256 697 407 736 habere
425 698 576 749 aliquid
593 701 635 736 in
652 712 722 737 ora
738 702 941 738 maritima
958 712 968 746 ;
999 706 1140 740 contra
1157 703 1338 752 equitem

149 750 345 790 Parthum
364 758 519 803 negant
538 752 660 790 ullam
680 759 926 791 armaturam
944 754 1153 793 meliorem
1170 757 1338 793 inveniri

147 818 281 857 posse.
334 805 415 844 Sed
434 806 532 856 quid
548 806 723 845 ludimus
740 807 756 844 ?
789 807 942 853 Nescis,
960 820 1040 858 quo
1057 821 1149 846 cum
1166 811 1338 860 impera-

147 865 236 898 tore
261 860 335 898 tibi
361 863 570 911 negotium
594 862 659 899 sit.
713 859 897 898 Παιδείαν
931 860 1074 910 Κύρου,
1099 875 1221 913 quam
1245 876 1338 901 con-

148 916 340 951 triveram
372 913 560 965 legendo,
591 919 723 952 totam
753 916 795 952 in
825 914 899 952 hoc
929 916 1098 966 imperio
1129 916 1337 967 explicavi.

111 972 132 1004 2
151 967 231 1006 Sed
254 968 475 1006 iocabimur
497 967 593 1005 alias
615 981 763 1013 coram,
786 973 832 1006 ut
854 981 985 1019 spero,
1006 969 1118 1007 brevi
1139 975 1337 1021 tempore.

148 1021 264 1059 Nunc
284 1021 380 1059 ades
400 1021 451 1059 ad
469 1021 749 1072 imperandum
769 1020 848 1072 [vel
867 1022 919 1061 ad
935 1023 1159 1072 parendum
1176 1026 1312 1074 potius
1326 1036 1338 1069 ;
1354 1042 1356 1044 ’

149 1077 203 1112 sic
222 1078 327 1112 enim
347 1078 500 1126 antiqui
519 1074 818 1127 loquebantur}
872 1075 974 1114 Cum
993 1076 1053 1115 Μ.
1071 1077 1213 1123 Fadio,
1230 1077 1339 1128 quod

149 1132 249 1167 scire
275 1135 318 1167 te
346 1130 529 1174 arbitror,
555 1129 652 1167 mihi
679 1143 857 1167 summus
884 1143 979 1168 usus
1006 1136 1099 1176 est;
1138 1131 1338 1182 valdeque

150 1196 242 1221 eum
261 1183 398 1233 diligo,
414 1196 506 1221 cum
523 1189 690 1234 propter
706 1197 905 1221 summam
922 1184 1170 1234 probitatem
1188 1187 1274 1223 eius
1291 1198 1338 1223 ac

149 1237 394 1287 singularem
409 1237 667 1282 modestiam,
683 1243 771 1275 tum
789 1237 898 1291 quod
913 1239 954 1275 in
970 1237 1031 1275 his
1046 1240 1338 1283 controversiis,

150 1303 250 1341 quas
268 1291 399 1329 habeo
415 1304 508 1328 cum
526 1293 607 1329 tuis
625 1291 929 1329 combibonibus
946 1291 1168 1342 EpicureiS‚
1184 1294 1341 1343 optima

111 1349 131 1382 3
150 1357 273 1395 opera
310 1347 395 1382 eius
431 1347 490 1382 uti
527 1344 648 1383 soleo.
703 1345 742 1383 Is
779 1358 870 1382 cum
906 1345 975 1383 ad.
993 1358 1060 1384 me
1095 1345 1339 1384 Laodiceam

150 1400 341 1443 venisset,
367 1412 610 1448 mecumque
638 1411 714 1449 ego
743 1412 836 1436 eum
866 1412 954 1437 esse
980 1398 1141 1445 vellem,
1167 1405 1339 1450 repente

149 1465 360 1502 percussus
383 1458 445 1490 est
466 1454 721 1490 atrocissimis
741 1452 902 1497 litteris,
921 1455 962 1491 in
983 1453 1128 1503 quibus
1148 1456 1340 1504 scriptum

152 1511 254 1551 erat,
275 1505 446 1544 fundum
469 1506 863 1549 Herculanensema
885 1506 935 1554 Q.
959 1507 1083 1546 Fadio
1105 1505 1230 1545 fratre
1251 1521 1341 1558 pro—

193 1638 210 1654 ⁶
232 1633 438 1676 According
473 1636 511 1667 to
540 1634 666 1667 Aelian
695 1633 781 1667 both
813 1634 980 1676 Pyrrhus,
1015 1633 1105 1677 king
1134 1634 1176 1668 of
1202 1635 1341 1677 Epirus,

146 1675 218 1709 and
237 1677 291 1710 his
310 1679 467 1710 minister
483 1676 610 1710 Cineas
627 1681 734 1710 wrote
752 1679 909 1710 treatises
925 1688 971 1710 on
993 1677 1149 1720 military
1165 1677 1298 1712 affairs.

195 1719 209 1739 δ
233 1719 309 1753 The
325 1723 513 1762 prototype
529 1720 570 1753 of
582 1730 647 1752 our
664 1719 685 1733 “
701 1719 1008 1753 ὴοτεε-Πιατὶῃω.”

195 1766 209 1784 ⁶
232 1762 465 1805 Xenophon's
483 1763 678 1796 Education
695 1763 738 1804 of
752 1762 876 1804 Cyrus.

194 1805 211 1824 ‘¹
235 1805 251 1838 Ι
269 1806 402 1839 believe
421 1805 557 1848 Tyrrell
573 1807 601 1839 is
617 1805 712 1848 right
726 1806 762 1838 in
782 1806 987 1848 suspecting
1005 1805 1108 1839 these
1127 1805 1243 1840 words
1263 1817 1303 1840 as
1321 1817 1344 1840 a

145 1848 285 1924 ειίζεεΜ.
316 1891 447 1924 Fadius
475 1891 611 1930 Gallus,
637 1902 660 1924 a
686 1891 879 1933 particular
904 1891 1020 1924 friend
1046 1891 1087 1924 of
1117 1891 1281 1931 Cicero’s,

146 1933 264 1967 whom
281 1934 376 1977 ΕΜ).
393 1936 499 1968 23-26
516 1935 552 1968 in
570 1934 673 1968 Book
690 1934 775 1967 V11.
792 1945 852 1967 are
869 1934 1070 1968 addroesed.

143 1988 219 2026 278
