1448 2236
581 60 586 64 ’
645 74 848 114 CICERO

166 175 378 230 exemplo,
394 180 504 230 quod
526 180 631 219 ludis
656 185 931 231 praetextam,
956 180 1008 220 de
1033 193 1106 220 suo
1130 183 1277 219 itinere
1303 179 1355 218 ad

167 238 215 276 L.
261 238 483 277 Lentulum
527 239 808 290 proconsulem
853 239 1162 286 sollicitandum,
1206 242 1355 291 posuit.

166 297 223 336 Et
259 299 425 349 quidem
460 311 552 337 cum
589 304 794 350 ageretur,
830 298 957 345 flevit,
992 301 1188 338 memoria
1221 311 1357 337 rerum

167 363 376 408 gestarum
397 364 636 407 commotus.
690 358 990 397 Gladiatoribus
1013 364 1166 405 autem,
1188 358 1357 397 Fadium

168 417 401 468 quemdam,
413 418 586 456 militem
600 417 906 469 Pompeianum,
919 421 1028 469 quia,
1040 431 1133 456 cum
1145 418 1359 469 depressus

167 477 210 513 in
248 475 390 514 ludum
430 477 492 515 bis
532 480 658 528 gratis
699 478 990 528 depugnasset,
1032 479 1230 515 auctorari
1270 489 1360 515 sese

168 534 335 574 nolebat
365 541 408 574 et
437 536 489 574 ad
516 536 711 587 populum
739 535 993 587 confugerat,
1020 538 1196 587 primum
1224 535 1360 573 Gallos

171 597 329 645 equites
354 598 521 634 immisit
552 598 593 634 in
622 596 818 647 populum
841 595 1048 647 (coniectil
1077 598 1184 634 enim
1206 595 1361 646 lapides

169 659 265 692 sunt
302 656 346 692 in
386 668 493 700 eum,
533 668 659 705 quum
700 656 956 705 abriperetur
994 654 1174 706 Fadius),
1213 654 1362 692 deinde

170 714 421 752 abstractum
458 714 616 753 defodit
652 717 694 753 in
730 715 826 753 ludo
864 720 907 753 et
942 717 1077 753 vivum
1114 715 1362 759 combussit;

169 787 262 812 cum
289 774 455 825 quidem
481 788 664 826 pransus,
692 775 810 813 nudis
836 775 1022 825 pedibus,
1050 776 1190 812 tunica
1215 773 1362 819 soluta,

169 834 356 871 manibus
395 833 448 872 ad
485 839 649 885 tergum
686 836 861 879 reiectis,
900 833 1185 879 inambularet,
1225 838 1269 871 et
1305 832 1362 870 illi

169 894 317 930 misero
346 895 557 943 quiritanti
587 892 610 906 “
629 905 664 931 c.
694 905 733 931 R.
762 905 888 930 NA'rus
917 905 997 930 suu
1017 891 1040 905 '⁹
1068 891 1362 943 responderet:

170 949 195 965 “
210 951 291 990 Abi
306 965 426 998 nunc,
439 952 579 1003 populi
594 952 716 990 fidem
731 951 942 1003 implora.’'
985 951 1132 990 Bestiis
1146 965 1242 990 vero
1257 953 1363 989 cives

172 1010 388 1058 Romanos,
439 1015 563 1050 etiam
612 1015 655 1050 in
704 1012 765 1050 his
814 1012 1094 1050 circulatorem
1143 1011 1362 1062 quemdam

172 1074 419 1117 auctionum,
449 1074 703 1110 notissimum
733 1071 939 1109 hominem
969 1070 1140 1122 Hispali,
1169 1072 1265 1121 quia
1293 1069 1364 1108 de-

171 1128 310 1168 formis
352 1136 455 1176 erat,
496 1131 658 1169 obiecit.
713 1130 815 1168 Cum
856 1130 1132 1168 huiuscemodi
1172 1133 1363 1180 portento

132 1194 154 1225 4
171 1202 236 1227 res
254 1189 353 1227 mihi
371 1188 462 1228 fuit.
516 1189 598 1228 Sed
616 1190 668 1228 de
686 1189 753 1228 illo
771 1189 887 1240 plura
904 1202 1052 1227 coram.
1107 1188 1237 1233 Nunc,
1255 1187 1365 1238 quod

170 1254 369 1299 praestat,
400 1249 498 1299 quid
526 1262 594 1287 me
623 1249 755 1287 velitis
785 1247 934 1293 facere,
963 1250 1214 1286 constituite.
1265 1246 1364 1284 Tres

171 1307 353 1358 legiones
388 1308 523 1346 firmas
557 1308 717 1353 habeo3
767 1321 938 1359 quarum
972 1320 1109 1352 unam,
1145 1306 1365 1344 Duodetri-

173 1369 385 1417 gesimam,
404 1381 496 1405 cum
515 1367 566 1405 ad
589 1380 633 1406 se
649 1369 764 1405 initio
787 1367 883 1405 belli
909 1368 1140 1404 arcessisset
1162 1365 1364 1403 Antonius

174 1425 249 1463 hae
265 1426 570 1476 pollicitatione,
587 1440 667 1477 quo
684 1427 750 1464 die
766 1429 807 1463 in
824 1431 956 1464 castra
971 1427 1162 1470 venisset,
1178 1424 1364 1462 denarios

174 1488 399 1537 quingenos
438 1486 603 1538 singulis
642 1486 836 1524 militibus
875 1486 1080 1530 daturum,
1118 1486 1161 1521 in
1198 1485 1366 1522 victoria

584 1564 597 1584 ¹
619 1573 716 1598 uss:
742 1564 891 1597 conlecti
911 1563 963 1598 M.

227 1661 243 1676 ⁰
265 1656 341 1690 The
356 1656 486 1699 sabula
505 1659 697 1699 praetexata,
721 1666 760 1688 or
779 1658 1008 1697 praetextata,
1032 1665 1104 1687 was
1125 1665 1148 1687 a
1170 1653 1296 1695 drama
1318 1664 1364 1686 on

177 1709 201 1732 a
217 1699 353 1733 sub‘ect
367 1699 477 1733 taken
493 1699 585 1732 from
603 1699 743 1732 Roman
760 1698 904 1740 history.

226 1742 240 1763 ⁵
291 1745 605 1781 eenoteaon§l.

177 1831 193 1861 t
217 1789 253 1861 ὦ
264 1787 333 1825 i.e.‚
348 1786 496 1819 without
512 1786 567 1818 his
583 1785 689 1818 calcei
706 1783 848 1827 (shoes)‚
861 1783 936 1826 just
953 1793 992 1816 as
1007 1783 1052 1816 he
1068 1781 1140 1816 had
1159 1781 1310 1816 reclined
1326 1785 1364 1815 at

193 1839 215 1861 a
255 1840 284 1862 e.

226 1871 242 1891 ‘¹
265 1872 382 1914 Every
406 1871 547 1904 Roman
571 1872 696 1904 citizen
721 1869 792 1903 had
816 1869 875 1903 the
899 1869 994 1912 right
1017 1869 1058 1902 of
1082 1867 1210 1911 appeal
1238 1870 1276 1901 to
1304 1867 1364 1901 the

178 1914 468 1991 peopkbagaizstr
473 1925 495 1948 a
509 1913 616 1947 death
631 1916 803 1947 sentence.

224 1962 237 1978 ⁴
321 1961 384 1991 out
430 1961 443 1990 1
471 1981 481 1991 .

182 2013 259 2047 408
