1448 2236
704 60 907 100 CICERO

210 164 502 216 rempublicam
537 167 740 216 respicere
766 165 890 204 volet.
943 164 1049 204 Utor
1079 167 1123 204 in
1157 164 1234 204 hac
1259 178 1305 204 re
1332 165 1401 204 ad-

209 228 408 266 iutoribus
426 228 801 279 interpretibusque
822 226 949 266 fratre
974 241 1082 273 meo,
1109 233 1162 268 et.
1177 227 1400 267 Laterense

212 294 256 327 et
271 289 420 328 Furnio
439 295 590 328 nostro.
644 289 736 328 Non
754 302 821 328 me
834 290 1062 341 impedient
1079 292 1263 341 privatae
1277 287 1401 329 offen-

211 353 357 396 siones,
381 364 462 402 quo
485 354 616 390 minus
639 365 712 402 pro
735 351 981 403 reipublicae
1004 351 1136 390 salute
1160 353 1286 390 etiam
1307 364 1400 390 cum
1435 379 1437 382 ι

209 415 482 452 inimicissimo
515 416 780 452 consentiam.
831 414 952 462 Quod
984 416 1017 453 si
1049 413 1147 451 nihil
1178 411 1400 464 profecero,

210 475 467 514 nihilominus
494 478 672 514 maximo
699 489 788 515 sum
817 478 951 515 animo
980 481 1024 515 et
1049 478 1202 514 maiore
1228 474 1399 514 fortasse

209 550 303 576 cum
315 551 409 576 mea
421 538 549 589 gloria
560 539 673 577 vobis
686 537 945 577 satisfaciam.
997 538 1079 577 Fac
1091 537 1239 584 valeas,
1250 550 1401 588 meque

209 605 355 657 mutuo
374 600 533 651 diligas.

766 716 849 754 XII

650 824 790 849 CICERO
816 824 966 850 PLANCO

624 906 771 945 Romae,
788 917 894 940 A.u.c.
913 908 991 940 711.

171 997 188 1031 1
258 991 348 1030 Etsi
385 992 631 1043 reipublicae
667 1005 789 1029 causa
825 994 1002 1030 maxime
1038 991 1218 1043 gaudere
1253 992 1398 1038 debeo,

208 1060 371 1093 tantum
390 1057 427 1092 ei
445 1060 490 1093 te
506 1054 697 1105 praesidi,
715 1059 878 1092 tantum
897 1056 983 1105 opis
1002 1053 1187 1092 attulisse
1205 1056 1397 1092 extremis

209 1130 341 1167 paene
357 1116 622 1167 temporibus,
638 1122 780 1154 tamen
795 1118 855 1154 ita
870 1121 914 1154 te
930 1118 1124 1155 victorem
1140 1115 1396 1167 complectar,
1422 1158 1424 1160 v

211 1179 418 1230 republica
464 1183 718 1229 recuperata,
766 1183 813 1216 ut
858 1191 1050 1229 magnam
1094 1183 1255 1229 partem
1299 1177 1395 1215 mihi

208 1241 393 1279 laetitiae
418 1246 492 1280 tua
516 1240 693 1291 dignitas
719 1239 876 1285 afferat,
901 1253 1024 1291 quam
1051 1244 1094 1278 et
1119 1252 1208 1278 esse
1232 1242 1327 1284 iam,
1353 1245 1396 1278 et

209 1302 389 1341 futuram
418 1302 704 1354 amplissimam
730 1301 939 1353 intellego.
993 1301 1102 1340 Cave
1128 1303 1238 1340 enim
1261 1307 1397 1352 putoe,
1423 1346 1426 1348 ¹

211 1365 310 1403 ullas
329 1378 523 1415 umquam
539 1364 698 1403 litteras
715 1366 912 1416 gratiores
931 1376 1053 1414 quam
1070 1369 1176 1408 tuas,
1193 1365 1236 1402 in
1252 1369 1397 1401 senatu

212 1441 300 1466 esse
324 1430 529 1465 recitatas.
584 1426 714 1477 quue
738 1428 910 1478 contigit
933 1439 1025 1464 cum
1049 1428 1285 1464 meritorum
1307 1431 1398 1464 tuo-
1420 1443 1423 1445 >

207 1503 298 1528 rum
327 1492 370 1527 in
398 1488 690 1539 rempublicam
721 1490 870 1527 eximia
899 1488 1076 1539 quadam
1104 1487 1396 1538 magnitudine,

209 1557 299 1590 tum
339 1552 553 1590 verborum
593 1553 972 1601 sententiarumque
1011 1552 1226 1601 gravitate.
1278 1548 1397 1597 Quod

211 1613 311 1651 mihi
340 1613 505 1664 quidem
534 1615 701 1650 minime
730 1625 892 1657 novum,
923 1614 992 1662 qui
1022 1617 1066 1649 et
1093 1616 1138 1649 te
1166 1624 1326 1649 nossem
1354 1616 1398 1650 et

260 1731 275 1745 ¹¹
302 1726 354 1759 M.
383 1725 572 1758 Juventius
603 1723 802 1757 Laterensis
830 1733 902 1756 was
929 1725 1070 1765 praetor
1097 1724 1133 1756 in
1161 1725 1201 1756 51
1234 1733 1298 1755 mc.
1325 1722 1396 1756 and

212 1780 329 1811 augur
349 1770 386 1801 in
405 1771 474 1806 45³
509 1767 554 1801 he
574 1778 646 1800 was
666 1766 781 1809 legate
802 1768 838 1799 in
861 1765 1046 1808 Lepidus's
1061 1777 1164 1808 army
1184 1767 1221 1799 in
1241 1768 1297 1804 43,
1313 1765 1396 1804 and,

213 1812 315 1845 when
332 1812 410 1844 that
425 1821 528 1853 army
539 1809 661 1853 joined
672 1809 830 1851 Antony‚
841 1808 1046 1842 committed
1063 1807 1207 1842 suicide.
1254 1808 1311 1842 He
1326 1819 1397 1842 was

212 1866 235 1887 a
262 1865 346 1887 man
373 1853 414 1887 of
437 1854 523 1896 high
550 1852 731 1895 principle.
753 1853 1021 1890 conscientious,
1043 1851 1116 1884 and
1140 1850 1398 1894 unflinchingly

213 1897 309 1939 loyal
329 1900 367 1930 to
386 1897 447 1929 the
471 1895 654 1939 Republic.
702 1895 760 1928 He
780 1896 809 1928 is
830 1895 890 1927 the
912 1894 1110 1928 Laterensis
1131 1893 1282 1928 referred
1303 1898 1340 1927 to
1361 1896 1395 1928 in

212 1941 284 1973 viii.
301 1943 334 1973 8.
350 1943 384 1973 2.
1414 1944 1415 1947 ’

216 1997 294 2031 330
