<?xml version="1.0" encoding="UTF-8"?>
<!DOCTYPE html PUBLIC "-//W3C//DTD XHTML 1.0 Transitional//EN"
    "http://www.w3.org/TR/xhtml1/DTD/xhtml1-transitional.dtd">
<html xmlns="http://www.w3.org/1999/xhtml" xml:lang="en" lang="en">
 <head>
  <title>
</title>
<meta http-equiv="Content-Type" content="text/html;charset=utf-8" />
  <meta name='ocr-system' content='tesseract 3.04.00' />
  <meta name='ocr-capabilities' content='ocr_page ocr_carea ocr_par ocr_line ocrx_word'/>
</head>
<body>
  <div class='ocr_page' id='page_1' title='image "./letterstohisfrie02ciceuoft_0376.png"; bbox 0 0 1448 2236; ppageno 0'>
   <div class='ocr_carea' id='block_1_1' title="bbox 688 70 888 110">
    <p class='ocr_par' dir='ltr' id='par_1_1' title="bbox 688 70 888 110">
     <span class='ocr_line' id='line_1_1' title="bbox 688 70 888 110; baseline 0.005 -1"><span class='ocrx_word' id='word_1_1' title='bbox 688 70 888 110; x_wconf 87' lang='lat' dir='ltr'>CICERO</span> 
     </span>
    </p>
   </div>
   <div class='ocr_carea' id='block_1_2' title="bbox 728 207 847 246">
    <p class='ocr_par' dir='ltr' id='par_1_2' title="bbox 728 207 847 246">
     <span class='ocr_line' id='line_1_2' title="bbox 728 207 847 246; baseline 0 0"><span class='ocrx_word' id='word_1_2' title='bbox 728 207 847 246; x_wconf 93' lang='lat' dir='ltr'>XVII</span> 
     </span>
    </p>
   </div>
   <div class='ocr_carea' id='block_1_3' title="bbox 400 324 1179 454">
    <p class='ocr_par' dir='ltr' id='par_1_3' title="bbox 400 324 1179 454">
     <span class='ocr_line' id='line_1_3' title="bbox 595 324 980 350; baseline 0.003 -1"><span class='ocrx_word' id='word_1_3' title='bbox 595 324 767 350; x_wconf 80' lang='lat' dir='ltr'>PLANCUS</span> <span class='ocrx_word' id='word_1_4' title='bbox 795 324 980 350; x_wconf 77' lang='lat' dir='ltr'>CICERONI</span> 
     </span>
     <span class='ocr_line' id='line_1_4' title="bbox 400 413 1179 454; baseline 0.001 -6"><span class='ocrx_word' id='word_1_5' title='bbox 400 413 444 448; x_wconf 92' lang='lat' dir='ltr'>In</span> <span class='ocrx_word' id='word_1_6' title='bbox 459 415 582 448; x_wconf 79' lang='lat' dir='ltr'>itinere</span> <span class='ocrx_word' id='word_1_7' title='bbox 597 414 644 448; x_wconf 84' lang='lat' dir='ltr'>ad</span> <span class='ocrx_word' id='word_1_8' title='bbox 661 415 793 448; x_wconf 85' lang='lat' dir='ltr'>Forum</span> <span class='ocrx_word' id='word_1_9' title='bbox 810 414 958 454; x_wconf 90' lang='lat' dir='ltr'>Voconi,</span> <span class='ocrx_word' id='word_1_10' title='bbox 977 426 1081 449; x_wconf 74' lang='lat' dir='ltr'>A.u.c.</span> <span class='ocrx_word' id='word_1_11' title='bbox 1100 418 1179 450; x_wconf 76' lang='lat'><strong>711.</strong></span> 
     </span>
    </p>
   </div>
   <div class='ocr_carea' id='block_1_4' title="bbox 156 508 1386 930">
    <p class='ocr_par' dir='ltr' id='par_1_4' title="bbox 158 508 1386 882">
     <span class='ocr_line' id='line_1_5' title="bbox 158 508 1382 561; baseline 0.002 -15"><span class='ocrx_word' id='word_1_12' title='bbox 158 512 174 546; x_wconf 86' lang='lat'>1</span> <span class='ocrx_word' id='word_1_13' title='bbox 245 508 448 547; x_wconf 89' lang='lat' dir='ltr'>Antonius</span> <span class='ocrx_word' id='word_1_14' title='bbox 485 508 546 547; x_wconf 87' lang='lat' dir='ltr'>Id.</span> <span class='ocrx_word' id='word_1_15' title='bbox 584 508 704 547; x_wconf 91' lang='lat' dir='ltr'>Maiis</span> <span class='ocrx_word' id='word_1_16' title='bbox 739 509 792 547; x_wconf 85' lang='lat' dir='ltr'>ad</span> <span class='ocrx_word' id='word_1_17' title='bbox 826 508 974 547; x_wconf 88' lang='lat' dir='ltr'>Forum</span> <span class='ocrx_word' id='word_1_18' title='bbox 1009 509 1085 547; x_wconf 90' lang='lat' dir='ltr'>Iuli</span> <span class='ocrx_word' id='word_1_19' title='bbox 1119 523 1211 548; x_wconf 92' lang='lat' dir='ltr'>cum</span> <span class='ocrx_word' id='word_1_20' title='bbox 1244 511 1382 561; x_wconf 84' lang='lat' dir='ltr'>primis</span> 
     </span>
     <span class='ocr_line' id='line_1_6' title="bbox 194 562 1381 614; baseline 0.002 -14"><span class='ocrx_word' id='word_1_21' title='bbox 194 564 318 613; x_wconf 90' lang='lat' dir='ltr'>copiis</span> <span class='ocrx_word' id='word_1_22' title='bbox 350 564 476 600; x_wconf 88' lang='lat' dir='ltr'>venit.</span> <span class='ocrx_word' id='word_1_23' title='bbox 529 562 742 601; x_wconf 76' lang='lat' dir='ltr'>Ventidius</span> <span class='ocrx_word' id='word_1_24' title='bbox 775 563 885 601; x_wconf 90' lang='lat' dir='ltr'>bidui</span> <span class='ocrx_word' id='word_1_25' title='bbox 919 564 1051 614; x_wconf 88' lang='lat' dir='ltr'>spatio</span> <span class='ocrx_word' id='word_1_26' title='bbox 1085 564 1201 601; x_wconf 87' lang='lat' dir='ltr'>abest</span> <span class='ocrx_word' id='word_1_27' title='bbox 1234 563 1285 601; x_wconf 90' lang='lat' dir='ltr'>ab</span> <span class='ocrx_word' id='word_1_28' title='bbox 1319 577 1381 602; x_wconf 91' lang='lat' dir='ltr'>eo.</span> 
     </span>
     <span class='ocr_line' id='line_1_7' title="bbox 196 616 1384 668; baseline 0 -14"><span class='ocrx_word' id='word_1_29' title='bbox 196 616 375 667; x_wconf 86' lang='lat' dir='ltr'><strong>Lepidus</strong></span> <span class='ocrx_word' id='word_1_30' title='bbox 399 616 452 654; x_wconf 89' lang='lat' dir='ltr'>ad</span> <span class='ocrx_word' id='word_1_31' title='bbox 474 616 622 654; x_wconf 89' lang='lat' dir='ltr'>Forum</span> <span class='ocrx_word' id='word_1_32' title='bbox 645 616 796 655; x_wconf 89' lang='lat' dir='ltr'>Voconi</span> <span class='ocrx_word' id='word_1_33' title='bbox 819 622 951 655; x_wconf 87' lang='lat' dir='ltr'>castra</span> <span class='ocrx_word' id='word_1_34' title='bbox 973 616 1112 662; x_wconf 89' lang='lat' dir='ltr'>habet,</span> <span class='ocrx_word' id='word_1_35' title='bbox 1135 619 1205 668; x_wconf 85' lang='lat' dir='ltr'>qui</span> <span class='ocrx_word' id='word_1_36' title='bbox 1227 617 1336 655; x_wconf 88' lang='lat' dir='ltr'>locus</span> <span class='ocrx_word' id='word_1_37' title='bbox 1360 630 1384 654; x_wconf 90' lang='lat' dir='ltr'>a</span> 
     </span>
     <span class='ocr_line' id='line_1_8' title="bbox 195 669 1384 722; baseline 0 -15"><span class='ocrx_word' id='word_1_38' title='bbox 195 670 298 709; x_wconf 90' lang='lat' dir='ltr'>Foro</span> <span class='ocrx_word' id='word_1_39' title='bbox 322 669 398 708; x_wconf 89' lang='lat' dir='ltr'>Iuli</span> <span class='ocrx_word' id='word_1_40' title='bbox 420 675 614 720; x_wconf 83' lang='lat' dir='ltr'>quattuor</span> <span class='ocrx_word' id='word_1_41' title='bbox 635 672 779 722; x_wconf 87' lang='lat' dir='ltr'>viginti</span> <span class='ocrx_word' id='word_1_42' title='bbox 800 670 926 708; x_wconf 88' lang='lat' dir='ltr'>millia</span> <span class='ocrx_word' id='word_1_43' title='bbox 946 683 1138 721; x_wconf 81' lang='lat' dir='ltr'><strong>passuum</strong></span> <span class='ocrx_word' id='word_1_44' title='bbox 1161 671 1291 716; x_wconf 82' lang='lat' dir='ltr'>abest,</span> <span class='ocrx_word' id='word_1_45' title='bbox 1312 671 1384 708; x_wconf 90' lang='lat' dir='ltr'>ibi-</span> 
     </span>
     <span class='ocr_line' id='line_1_9' title="bbox 195 724 1384 775; baseline 0.001 -14"><span class='ocrx_word' id='word_1_46' title='bbox 195 737 276 775; x_wconf 89' lang='lat' dir='ltr'>que</span> <span class='ocrx_word' id='word_1_47' title='bbox 306 737 373 761; x_wconf 91' lang='lat' dir='ltr'>me</span> <span class='ocrx_word' id='word_1_48' title='bbox 404 729 642 774; x_wconf 88' lang='lat' dir='ltr'>exspectare</span> <span class='ocrx_word' id='word_1_49' title='bbox 671 726 896 769; x_wconf 85' lang='lat' dir='ltr'>constituit,</span> <span class='ocrx_word' id='word_1_50' title='bbox 926 724 1268 775; x_wconf 85' lang='lat' dir='ltr'><strong>quemadmodum</strong></span> <span class='ocrx_word' id='word_1_51' title='bbox 1297 726 1384 775; x_wconf 89' lang='lat' dir='ltr'>ipse</span> 
     </span>
     <span class='ocr_line' id='line_1_10' title="bbox 194 776 1386 828; baseline 0 -13"><span class='ocrx_word' id='word_1_52' title='bbox 194 777 293 815; x_wconf 91' lang='lat' dir='ltr'>mihi</span> <span class='ocrx_word' id='word_1_53' title='bbox 312 779 482 828; x_wconf 79' lang='lat' dir='ltr'><strong>scripsit.</strong></span> <span class='ocrx_word' id='word_1_54' title='bbox 536 776 657 825; x_wconf 83' lang='lat' dir='ltr'>Quod</span> <span class='ocrx_word' id='word_1_55' title='bbox 674 780 707 815; x_wconf 93' lang='lat' dir='ltr'>si</span> <span class='ocrx_word' id='word_1_56' title='bbox 726 780 861 816; x_wconf 88' lang='lat' dir='ltr'>omnia</span> <span class='ocrx_word' id='word_1_57' title='bbox 878 777 976 815; x_wconf 93' lang='lat' dir='ltr'>mihi</span> <span class='ocrx_word' id='word_1_58' title='bbox 994 780 1156 828; x_wconf 88' lang='lat' dir='ltr'>integra</span> <span class='ocrx_word' id='word_1_59' title='bbox 1174 783 1218 816; x_wconf 90' lang='lat' dir='ltr'>et</span> <span class='ocrx_word' id='word_1_60' title='bbox 1234 779 1322 828; x_wconf 90' lang='lat' dir='ltr'>ipse</span> <span class='ocrx_word' id='word_1_61' title='bbox 1341 782 1386 815; x_wconf 87' lang='lat' dir='ltr'>et</span> 
     </span>
     <span class='ocr_line' id='line_1_11' title="bbox 195 830 1386 882; baseline 0 -14"><span class='ocrx_word' id='word_1_62' title='bbox 195 830 360 870; x_wconf 86' lang='lat' dir='ltr'>fortuna</span> <span class='ocrx_word' id='word_1_63' title='bbox 378 832 563 877; x_wconf 85' lang='lat' dir='ltr'>servarit,</span> <span class='ocrx_word' id='word_1_64' title='bbox 581 833 731 881; x_wconf 82' lang='lat' dir='ltr'>recipio</span> <span class='ocrx_word' id='word_1_65' title='bbox 750 831 864 869; x_wconf 91' lang='lat' dir='ltr'>vobis</span> <span class='ocrx_word' id='word_1_66' title='bbox 883 831 1071 869; x_wconf 82' lang='lat' dir='ltr'>celeriter</span> <span class='ocrx_word' id='word_1_67' title='bbox 1089 843 1156 868; x_wconf 90' lang='lat' dir='ltr'>me</span> <span class='ocrx_word' id='word_1_68' title='bbox 1176 833 1386 882; x_wconf 82' lang='lat' dir='ltr'>negotium</span> 
     </span>
    </p>

    <p class='ocr_par' dir='ltr' id='par_1_5' title="bbox 156 883 1386 930">
     <span class='ocr_line' id='line_1_12' title="bbox 156 883 1386 930; baseline -0.001 -8"><span class='ocrx_word' id='word_1_69' title='bbox 156 889 178 922; x_wconf 83' lang='lat'>2</span> <span class='ocrx_word' id='word_1_70' title='bbox 198 898 250 923; x_wconf 89' lang='lat' dir='ltr'>ex</span> <span class='ocrx_word' id='word_1_71' title='bbox 270 886 477 924; x_wconf 87' lang='lat' dir='ltr'>sententia</span> <span class='ocrx_word' id='word_1_72' title='bbox 496 883 790 923; x_wconf 85' lang='lat' dir='ltr'>confecturum.</span> <span class='ocrx_word' id='word_1_73' title='bbox 842 884 1026 922; x_wconf 79' lang='lat' dir='ltr'><strong>Fratrem</strong></span> <span class='ocrx_word' id='word_1_74' title='bbox 1046 897 1198 930; x_wconf 90' lang='lat' dir='ltr'>meum,</span> <span class='ocrx_word' id='word_1_75' title='bbox 1219 884 1386 923; x_wconf 86' lang='lat' dir='ltr'>assiduis</span> 
     </span>
    </p>
   </div>
   <div class='ocr_carea' id='block_1_5' title="bbox 195 936 1448 989">
    <p class='ocr_par' dir='ltr' id='par_1_6' title="bbox 195 936 1448 989">
     <span class='ocr_line' id='line_1_13' title="bbox 195 936 1448 989; baseline -0.001 -13"><span class='ocrx_word' id='word_1_76' title='bbox 195 938 400 977; x_wconf 86' lang='lat' dir='ltr'>laboribus</span> <span class='ocrx_word' id='word_1_77' title='bbox 439 938 890 988; x_wconf 79' lang='lat' dir='ltr'>concursationibusque</span> <span class='ocrx_word' id='word_1_78' title='bbox 928 936 1173 983; x_wconf 86' lang='lat' dir='ltr'>confectum,</span> <span class='ocrx_word' id='word_1_79' title='bbox 1210 940 1388 989; x_wconf 84' lang='lat' dir='ltr'>graviter</span> <span class='ocrx_word' id='word_1_80' title='bbox 1446 943 1448 945; x_wconf 85' lang='grc'><strong>’</strong></span> 
     </span>
    </p>
   </div>
   <div class='ocr_carea' id='block_1_6' title="bbox 160 991 1436 1633">
    <p class='ocr_par' dir='ltr' id='par_1_7' title="bbox 160 991 1436 1633">
     <span class='ocr_line' id='line_1_14' title="bbox 197 991 1388 1042; baseline -0.003 -11"><span class='ocrx_word' id='word_1_81' title='bbox 197 1005 242 1031; x_wconf 89' lang='lat' dir='ltr'>se</span> <span class='ocrx_word' id='word_1_82' title='bbox 265 992 467 1037; x_wconf 85' lang='lat' dir='ltr'>habuisse,</span> <span class='ocrx_word' id='word_1_83' title='bbox 492 996 615 1030; x_wconf 86' lang='lat' dir='ltr'>antea</span> <span class='ocrx_word' id='word_1_84' title='bbox 636 992 711 1029; x_wconf 92' lang='lat' dir='ltr'>tibi</span> <span class='ocrx_word' id='word_1_85' title='bbox 735 994 873 1042; x_wconf 91' lang='lat' dir='ltr'>scripsi</span> <span class='ocrx_word' id='word_1_86' title='bbox 891 1003 901 1037; x_wconf 93' lang='lat'>;</span> <span class='ocrx_word' id='word_1_87' title='bbox 938 991 1011 1029; x_wconf 84' lang='lat' dir='ltr'>sed</span> <span class='ocrx_word' id='word_1_88' title='bbox 1033 997 1173 1029; x_wconf 84' lang='lat' dir='ltr'>tamen</span> <span class='ocrx_word' id='word_1_89' title='bbox 1195 1004 1287 1029; x_wconf 92' lang='lat' dir='ltr'>cum</span> <span class='ocrx_word' id='word_1_90' title='bbox 1308 993 1388 1042; x_wconf 84' lang='lat' dir='ltr'>pri-</span> 
     </span>
     <span class='ocr_line' id='line_1_15' title="bbox 197 1045 1389 1097; baseline -0.002 -14"><span class='ocrx_word' id='word_1_91' title='bbox 197 1059 310 1084; x_wconf 91' lang='lat' dir='ltr'>mum</span> <span class='ocrx_word' id='word_1_92' title='bbox 329 1058 449 1097; x_wconf 91' lang='lat' dir='ltr'>posse</span> <span class='ocrx_word' id='word_1_93' title='bbox 470 1045 628 1096; x_wconf 88' lang='lat' dir='ltr'>ingredi</span> <span class='ocrx_word' id='word_1_94' title='bbox 648 1047 798 1096; x_wconf 90' lang='lat' dir='ltr'>coepit,</span> <span class='ocrx_word' id='word_1_95' title='bbox 819 1058 900 1083; x_wconf 92' lang='lat' dir='ltr'>non</span> <span class='ocrx_word' id='word_1_96' title='bbox 921 1047 1050 1096; x_wconf 88' lang='lat' dir='ltr'>magis</span> <span class='ocrx_word' id='word_1_97' title='bbox 1071 1045 1147 1083; x_wconf 93' lang='lat' dir='ltr'>sibi</span> <span class='ocrx_word' id='word_1_98' title='bbox 1168 1057 1290 1095; x_wconf 89' lang='lat' dir='ltr'>quam</span> <span class='ocrx_word' id='word_1_99' title='bbox 1310 1047 1389 1082; x_wconf 89' lang='lat' dir='ltr'>rei-</span> 
     </span>
     <span class='ocr_line' id='line_1_16' title="bbox 197 1098 1387 1151; baseline -0.002 -14"><span class='ocrx_word' id='word_1_100' title='bbox 197 1099 384 1151; x_wconf 86' lang='lat' dir='ltr'>publicae</span> <span class='ocrx_word' id='word_1_101' title='bbox 401 1112 444 1137; x_wconf 92' lang='lat' dir='ltr'>se</span> <span class='ocrx_word' id='word_1_102' title='bbox 461 1098 709 1137; x_wconf 88' lang='lat' dir='ltr'>convaluisse</span> <span class='ocrx_word' id='word_1_103' title='bbox 727 1101 976 1144; x_wconf 87' lang='lat' dir='ltr'>existimans,</span> <span class='ocrx_word' id='word_1_104' title='bbox 993 1098 1046 1136; x_wconf 89' lang='lat' dir='ltr'>ad</span> <span class='ocrx_word' id='word_1_105' title='bbox 1061 1100 1196 1136; x_wconf 91' lang='lat' dir='ltr'>omnia</span> <span class='ocrx_word' id='word_1_106' title='bbox 1210 1098 1387 1149; x_wconf 89' lang='lat' dir='ltr'>pericula</span> 
     </span>
     <span class='ocr_line' id='line_1_17' title="bbox 197 1151 1387 1204; baseline -0.002 -13"><span class='ocrx_word' id='word_1_107' title='bbox 197 1156 384 1204; x_wconf 89' lang='lat' dir='ltr'>princeps</span> <span class='ocrx_word' id='word_1_108' title='bbox 402 1166 490 1191; x_wconf 91' lang='lat' dir='ltr'>esse</span> <span class='ocrx_word' id='word_1_109' title='bbox 505 1166 586 1191; x_wconf 91' lang='lat' dir='ltr'>non</span> <span class='ocrx_word' id='word_1_110' title='bbox 600 1155 813 1190; x_wconf 87' lang='lat' dir='ltr'>recusavit.</span> <span class='ocrx_word' id='word_1_111' title='bbox 867 1151 948 1190; x_wconf 92' lang='lat' dir='ltr'>Sed</span> <span class='ocrx_word' id='word_1_112' title='bbox 963 1165 1039 1203; x_wconf 86' lang='lat' dir='ltr'>ego</span> <span class='ocrx_word' id='word_1_113' title='bbox 1056 1165 1149 1190; x_wconf 89' lang='lat' dir='ltr'>eum</span> <span class='ocrx_word' id='word_1_114' title='bbox 1164 1165 1245 1190; x_wconf 90' lang='lat' dir='ltr'>non</span> <span class='ocrx_word' id='word_1_115' title='bbox 1259 1151 1387 1190; x_wconf 91' lang='lat' dir='ltr'>solum</span> 
     </span>
     <span class='ocr_line' id='line_1_18' title="bbox 198 1205 1388 1256; baseline -0.002 -11"><span class='ocrx_word' id='word_1_116' title='bbox 198 1207 383 1245; x_wconf 83' lang='lat' dir='ltr'>hortatus</span> <span class='ocrx_word' id='word_1_117' title='bbox 402 1219 505 1252; x_wconf 91' lang='lat' dir='ltr'>sum,</span> <span class='ocrx_word' id='word_1_118' title='bbox 523 1219 664 1244; x_wconf 89' lang='lat' dir='ltr'>verum</span> <span class='ocrx_word' id='word_1_119' title='bbox 684 1209 808 1244; x_wconf 86' lang='lat' dir='ltr'>etiam</span> <span class='ocrx_word' id='word_1_120' title='bbox 826 1208 940 1256; x_wconf 86' lang='lat' dir='ltr'>coegi</span> <span class='ocrx_word' id='word_1_121' title='bbox 957 1207 1036 1244; x_wconf 92' lang='lat' dir='ltr'>isto</span> <span class='ocrx_word' id='word_1_122' title='bbox 1053 1205 1262 1256; x_wconf 88' lang='lat' dir='ltr'>proficisci,</span> <span class='ocrx_word' id='word_1_123' title='bbox 1279 1205 1388 1256; x_wconf 93' lang='lat' dir='ltr'>quod</span> 
     </span>
     <span class='ocr_line' id='line_1_19' title="bbox 199 1258 1387 1311; baseline -0.003 -12"><span class='ocrx_word' id='word_1_124' title='bbox 199 1266 243 1299; x_wconf 87' lang='lat' dir='ltr'>et</span> <span class='ocrx_word' id='word_1_125' title='bbox 279 1260 348 1298; x_wconf 89' lang='lat' dir='ltr'>illa</span> <span class='ocrx_word' id='word_1_126' title='bbox 386 1260 623 1298; x_wconf 84' lang='lat' dir='ltr'>valetudine</span> <span class='ocrx_word' id='word_1_127' title='bbox 660 1261 791 1311; x_wconf 86' lang='lat' dir='ltr'>magis</span> <span class='ocrx_word' id='word_1_128' title='bbox 830 1258 1027 1297; x_wconf 88' lang='lat' dir='ltr'>conficere</span> <span class='ocrx_word' id='word_1_129' title='bbox 1066 1272 1123 1304; x_wconf 89' lang='lat' dir='ltr'>se,</span> <span class='ocrx_word' id='word_1_130' title='bbox 1162 1270 1284 1309; x_wconf 86' lang='lat' dir='ltr'>quam</span> <span class='ocrx_word' id='word_1_131' title='bbox 1321 1271 1387 1296; x_wconf 90' lang='lat' dir='ltr'>me</span> 
     </span>
     <span class='ocr_line' id='line_1_20' title="bbox 198 1313 1388 1364; baseline -0.003 -12"><span class='ocrx_word' id='word_1_132' title='bbox 198 1317 336 1352; x_wconf 89' lang='lat' dir='ltr'>iuvare</span> <span class='ocrx_word' id='word_1_133' title='bbox 356 1319 495 1364; x_wconf 89' lang='lat' dir='ltr'>posset</span> <span class='ocrx_word' id='word_1_134' title='bbox 514 1316 556 1351; x_wconf 92' lang='lat' dir='ltr'>in</span> <span class='ocrx_word' id='word_1_135' title='bbox 577 1315 731 1358; x_wconf 84' lang='lat' dir='ltr'>castris,</span> <span class='ocrx_word' id='word_1_136' title='bbox 752 1318 795 1350; x_wconf 89' lang='lat' dir='ltr'>et</span> <span class='ocrx_word' id='word_1_137' title='bbox 815 1313 925 1363; x_wconf 91' lang='lat' dir='ltr'>quod</span> <span class='ocrx_word' id='word_1_138' title='bbox 945 1313 1200 1350; x_wconf 85' lang='lat' dir='ltr'>acerbissimo</span> <span class='ocrx_word' id='word_1_139' title='bbox 1219 1314 1388 1350; x_wconf 80' lang='lat' dir='ltr'>interitu</span> 
     </span>
     <span class='ocr_line' id='line_1_21' title="bbox 199 1366 1387 1417; baseline -0.003 -11"><span class='ocrx_word' id='word_1_140' title='bbox 199 1367 408 1406; x_wconf 92' lang='lat' dir='ltr'>consulum</span> <span class='ocrx_word' id='word_1_141' title='bbox 435 1367 726 1417; x_wconf 86' lang='lat' dir='ltr'>rempublicam</span> <span class='ocrx_word' id='word_1_142' title='bbox 754 1366 950 1404; x_wconf 87' lang='lat' dir='ltr'>nudatam</span> <span class='ocrx_word' id='word_1_143' title='bbox 981 1366 1054 1404; x_wconf 85' lang='lat' dir='ltr'>tali</span> <span class='ocrx_word' id='word_1_144' title='bbox 1081 1368 1168 1403; x_wconf 88' lang='lat' dir='ltr'>cive</span> <span class='ocrx_word' id='word_1_145' title='bbox 1199 1371 1387 1416; x_wconf 84' lang='lat' dir='ltr'>praetore</span> 
     </span>
     <span class='ocr_line' id='line_1_22' title="bbox 199 1418 1387 1471; baseline -0.002 -12"><span class='ocrx_word' id='word_1_146' title='bbox 199 1424 239 1459; x_wconf 91' lang='lat' dir='ltr'>in</span> <span class='ocrx_word' id='word_1_147' title='bbox 256 1422 420 1459; x_wconf 89' lang='lat' dir='ltr'>urbanis</span> <span class='ocrx_word' id='word_1_148' title='bbox 436 1421 572 1459; x_wconf 88' lang='lat' dir='ltr'>officiis</span> <span class='ocrx_word' id='word_1_149' title='bbox 588 1421 771 1471; x_wconf 89' lang='lat' dir='ltr'>indigere</span> <span class='ocrx_word' id='word_1_150' title='bbox 788 1420 1083 1458; x_wconf 84' lang='lat' dir='ltr'>existimabam.</span> <span class='ocrx_word' id='word_1_151' title='bbox 1135 1418 1255 1466; x_wconf 85' lang='lat' dir='ltr'>Quod</span> <span class='ocrx_word' id='word_1_152' title='bbox 1270 1421 1387 1469; x_wconf 92' lang='lat' dir='ltr'>siqui</span> 
     </span>
     <span class='ocr_line' id='line_1_23' title="bbox 199 1472 1436 1525; baseline -0.003 -12"><span class='ocrx_word' id='word_1_153' title='bbox 199 1481 380 1513; x_wconf 82' lang='lat' dir='ltr'>vestrum</span> <span class='ocrx_word' id='word_1_154' title='bbox 407 1488 489 1513; x_wconf 90' lang='lat' dir='ltr'>non</span> <span class='ocrx_word' id='word_1_155' title='bbox 515 1474 719 1525; x_wconf 87' lang='lat' dir='ltr'>probabit,</span> <span class='ocrx_word' id='word_1_156' title='bbox 745 1473 844 1510; x_wconf 86' lang='lat' dir='ltr'>mihi</span> <span class='ocrx_word' id='word_1_157' title='bbox 870 1473 1130 1524; x_wconf 87' lang='lat' dir='ltr'>prudentiam</span> <span class='ocrx_word' id='word_1_158' title='bbox 1156 1475 1198 1510; x_wconf 90' lang='lat' dir='ltr'>in</span> <span class='ocrx_word' id='word_1_159' title='bbox 1225 1472 1387 1510; x_wconf 90' lang='lat' dir='ltr'>consilio</span> <span class='ocrx_word' id='word_1_160' title='bbox 1428 1513 1436 1519; x_wconf 67' lang='lat'>.,</span> 
     </span>
     <span class='ocr_line' id='line_1_24' title="bbox 160 1525 1388 1578; baseline -0.003 -11"><span class='ocrx_word' id='word_1_161' title='bbox 160 1534 181 1566; x_wconf 87' lang='grc'><strong>3</strong></span> <span class='ocrx_word' id='word_1_162' title='bbox 199 1527 377 1567; x_wconf 87' lang='lat' dir='ltr'>defuisse</span> <span class='ocrx_word' id='word_1_163' title='bbox 398 1530 513 1575; x_wconf 76' lang='lat' dir='ltr'>sciat,</span> <span class='ocrx_word' id='word_1_164' title='bbox 534 1541 615 1566; x_wconf 91' lang='lat' dir='ltr'>non</span> <span class='ocrx_word' id='word_1_165' title='bbox 629 1527 686 1565; x_wconf 93' lang='lat' dir='ltr'>illi</span> <span class='ocrx_word' id='word_1_166' title='bbox 702 1540 800 1578; x_wconf 87' lang='lat' dir='ltr'>erga</span> <span class='ocrx_word' id='word_1_167' title='bbox 813 1529 988 1577; x_wconf 85' lang='lat' dir='ltr'>patriam</span> <span class='ocrx_word' id='word_1_168' title='bbox 1003 1526 1257 1564; x_wconf 86' lang='lat' dir='ltr'>fidelitatem.</span> <span class='ocrx_word' id='word_1_169' title='bbox 1311 1525 1388 1563; x_wconf 91' lang='lat' dir='ltr'>Le-</span> 
     </span>
     <span class='ocr_line' id='line_1_25' title="bbox 198 1578 1388 1633; baseline -0.003 -13"><span class='ocrx_word' id='word_1_170' title='bbox 198 1582 316 1633; x_wconf 90' lang='lat' dir='ltr'>pidus</span> <span class='ocrx_word' id='word_1_171' title='bbox 338 1587 494 1627; x_wconf 91' lang='lat' dir='ltr'>tamen,</span> <span class='ocrx_word' id='word_1_172' title='bbox 516 1581 625 1632; x_wconf 92' lang='lat' dir='ltr'>quod</span> <span class='ocrx_word' id='word_1_173' title='bbox 648 1594 724 1632; x_wconf 89' lang='lat' dir='ltr'>ego</span> <span class='ocrx_word' id='word_1_174' title='bbox 745 1581 1041 1625; x_wconf 88' lang='lat' dir='ltr'>desiderabam,</span> <span class='ocrx_word' id='word_1_175' title='bbox 1062 1578 1175 1625; x_wconf 87' lang='lat' dir='ltr'>fecit,</span> <span class='ocrx_word' id='word_1_176' title='bbox 1196 1584 1244 1617; x_wconf 90' lang='lat' dir='ltr'>ut</span> <span class='ocrx_word' id='word_1_177' title='bbox 1264 1579 1388 1630; x_wconf 89' lang='lat' dir='ltr'>Apel-</span> 
     </span>
    </p>
   </div>
   <div class='ocr_carea' id='block_1_7' title="bbox 201 1739 1386 1997">
    <p class='ocr_par' dir='ltr' id='par_1_8' title="bbox 201 1739 1386 1997">
     <span class='ocr_line' id='line_1_26' title="bbox 249 1739 1386 1778; baseline -0.004 -2"><span class='ocrx_word' id='word_1_178' title='bbox 249 1748 264 1763; x_wconf 59' lang='grc' dir='ltr'><em>α</em></span> <span class='ocrx_word' id='word_1_179' title='bbox 289 1743 358 1776; x_wconf 89' lang='lat' dir='ltr'>For</span> <span class='ocrx_word' id='word_1_180' title='bbox 370 1743 439 1775; x_wconf 86' lang='lat' dir='ltr'>this</span> <span class='ocrx_word' id='word_1_181' title='bbox 453 1742 567 1775; x_wconf 81' lang='lat' dir='ltr'>man&#39;s</span> <span class='ocrx_word' id='word_1_182' title='bbox 580 1743 647 1774; x_wconf 87' lang='lat' dir='ltr'>rise</span> <span class='ocrx_word' id='word_1_183' title='bbox 659 1740 750 1773; x_wconf 89' lang='lat' dir='ltr'>from</span> <span class='ocrx_word' id='word_1_184' title='bbox 764 1740 859 1773; x_wconf 82' lang='lat' dir='ltr'>slave</span> <span class='ocrx_word' id='word_1_185' title='bbox 871 1743 908 1773; x_wconf 87' lang='lat' dir='ltr'>to</span> <span class='ocrx_word' id='word_1_186' title='bbox 920 1739 1044 1773; x_wconf 92' lang='lat' dir='ltr'>consul</span> <span class='ocrx_word' id='word_1_187' title='bbox 1055 1750 1112 1773; x_wconf 88' lang='lat' dir='ltr'>see</span> <span class='ocrx_word' id='word_1_188' title='bbox 1126 1739 1270 1778; x_wconf 87' lang='lat' dir='ltr'>Gellius,</span> <span class='ocrx_word' id='word_1_189' title='bbox 1284 1751 1339 1772; x_wconf 90' lang='lat' dir='ltr'>xv.</span> <span class='ocrx_word' id='word_1_190' title='bbox 1353 1742 1386 1772; x_wconf 76' lang='lat'>4.</span> 
     </span>
     <span class='ocr_line' id='line_1_27' title="bbox 203 1782 1385 1828; baseline -0.004 -8"><span class='ocrx_word' id='word_1_191' title='bbox 203 1788 246 1820; x_wconf 91' lang='lat' dir='ltr'>In</span> <span class='ocrx_word' id='word_1_192' title='bbox 277 1785 374 1828; x_wconf 90' lang='lat' dir='ltr'>early</span> <span class='ocrx_word' id='word_1_193' title='bbox 404 1785 465 1818; x_wconf 87' lang='lat' dir='ltr'>life</span> <span class='ocrx_word' id='word_1_194' title='bbox 494 1786 539 1818; x_wconf 89' lang='lat' dir='ltr'>he</span> <span class='ocrx_word' id='word_1_195' title='bbox 567 1783 770 1817; x_wconf 84' lang='lat' dir='ltr'>contracted</span> <span class='ocrx_word' id='word_1_196' title='bbox 799 1783 855 1816; x_wconf 87' lang='lat' dir='ltr'>for</span> <span class='ocrx_word' id='word_1_197' title='bbox 884 1783 1077 1825; x_wconf 86' lang='lat' dir='ltr'>supplying</span> <span class='ocrx_word' id='word_1_198' title='bbox 1106 1783 1167 1816; x_wconf 85' lang='lat' dir='ltr'>the</span> <span class='ocrx_word' id='word_1_199' title='bbox 1194 1782 1385 1825; x_wconf 87' lang='lat' dir='ltr'>provincial</span> 
     </span>
     <span class='ocr_line' id='line_1_28' title="bbox 201 1825 1386 1882; baseline -0.004 -19"><span class='ocrx_word' id='word_1_200' title='bbox 201 1839 392 1882; x_wconf 72' lang='lat' dir='ltr'>governor-s</span> <span class='ocrx_word' id='word_1_201' title='bbox 409 1828 492 1862; x_wconf 85' lang='lat' dir='ltr'>with</span> <span class='ocrx_word' id='word_1_202' title='bbox 509 1827 620 1879; x_wconf 80' lang='lat' dir='ltr'>mules</span> <span class='ocrx_word' id='word_1_203' title='bbox 635 1826 707 1859; x_wconf 89' lang='lat' dir='ltr'>and</span> <span class='ocrx_word' id='word_1_204' title='bbox 723 1828 909 1878; x_wconf 76' lang='lat' dir='ltr'>carriages,</span> <span class='ocrx_word' id='word_1_205' title='bbox 926 1825 998 1858; x_wconf 89' lang='lat' dir='ltr'>and</span> <span class='ocrx_word' id='word_1_206' title='bbox 1014 1825 1113 1859; x_wconf 89' lang='lat' dir='ltr'>owed</span> <span class='ocrx_word' id='word_1_207' title='bbox 1129 1825 1182 1858; x_wconf 88' lang='lat' dir='ltr'>his</span> <span class='ocrx_word' id='word_1_208' title='bbox 1198 1835 1335 1859; x_wconf 88' lang='lat' dir='ltr'>success</span> <span class='ocrx_word' id='word_1_209' title='bbox 1350 1829 1386 1858; x_wconf 84' lang='lat' dir='ltr'>to</span> 
     </span>
     <span class='ocr_line' id='line_1_29' title="bbox 202 1869 1385 1961; baseline -0.004 -13"><span class='ocrx_word' id='word_1_210' title='bbox 202 1873 263 1935; x_wconf 65' lang='lat' dir='ltr'>hls⁶</span> <span class='ocrx_word' id='word_1_211' title='bbox 271 1870 777 1948; x_wconf 42' lang='lat' dir='ltr'>pdeinixliltaeiideiggznabfoltiktgtli</span> <span class='ocrx_word' id='word_1_212' title='bbox 788 1869 975 1945; x_wconf 59' lang='lat' dir='ltr'>Omriileelssdue</span> <span class='ocrx_word' id='word_1_213' title='bbox 991 1914 1076 1944; x_wconf 86' lang='lat' dir='ltr'>west</span> <span class='ocrx_word' id='word_1_214' title='bbox 1089 1910 1130 1944; x_wconf 86' lang='lat' dir='ltr'>of</span> <span class='ocrx_word' id='word_1_215' title='bbox 1141 1911 1272 1961; x_wconf 63' lang='lat' dir='ltr'>Forum</span> <span class='ocrx_word' id='word_1_216' title='bbox 1287 1911 1309 1944; x_wconf 89' lang='lat' dir='ltr'><strong>J</strong></span> <span class='ocrx_word' id='word_1_217' title='bbox 1313 1910 1385 1950; x_wconf 88' lang='lat' dir='ltr'>ulii,</span> 
     </span>
     <span class='ocr_line' id='line_1_30' title="bbox 203 1954 1204 1997; baseline -0.005 -6"><span class='ocrx_word' id='word_1_218' title='bbox 203 1970 281 1991; x_wconf 92' lang='lat' dir='ltr'>now</span> <span class='ocrx_word' id='word_1_219' title='bbox 300 1958 350 1991; x_wconf 89' lang='lat' dir='ltr'>Le</span> <span class='ocrx_word' id='word_1_220' title='bbox 367 1957 489 1991; x_wconf 88' lang='lat' dir='ltr'>Canet.</span> <span class='ocrx_word' id='word_1_221' title='bbox 539 1957 669 1989; x_wconf 87' lang='lat' dir='ltr'>Forum</span> <span class='ocrx_word' id='word_1_222' title='bbox 685 1956 708 1988; x_wconf 92' lang='lat' dir='ltr'>J</span> <span class='ocrx_word' id='word_1_223' title='bbox 711 1955 772 1988; x_wconf 89' lang='lat' dir='ltr'>ulii</span> <span class='ocrx_word' id='word_1_224' title='bbox 789 1957 817 1988; x_wconf 90' lang='lat' dir='ltr'>is</span> <span class='ocrx_word' id='word_1_225' title='bbox 833 1955 893 1988; x_wconf 86' lang='lat' dir='ltr'>the</span> <span class='ocrx_word' id='word_1_226' title='bbox 909 1954 1055 1988; x_wconf 84' lang='lat' dir='ltr'>modern</span> <span class='ocrx_word' id='word_1_227' title='bbox 1072 1954 1204 1997; x_wconf 75' lang='lat' dir='ltr'>FreJus.</span> 
     </span>
    </p>
   </div>
   <div class='ocr_carea' id='block_1_8' title="bbox 203 2009 281 2048">
    <p class='ocr_par' dir='ltr' id='par_1_9' title="bbox 203 2009 281 2048">
     <span class='ocr_line' id='line_1_31' title="bbox 203 2009 281 2048; baseline -0.013 0"><span class='ocrx_word' id='word_1_228' title='bbox 203 2009 281 2048; x_wconf 77' lang='lat'>346</span> 
     </span>
    </p>
   </div>
   <div class='ocr_carea' id='block_1_9' title="bbox 1436 1079 1448 1418">
    <p class='ocr_par' dir='ltr' id='par_1_10' title="bbox 1436 1079 1448 1418">
     <span class='ocr_line' id='line_1_32' title="bbox 1436 1079 1448 1418; textangle 90"><span class='ocrx_word' id='word_1_229' title='bbox 1436 1200 1448 1418; x_wconf 39' lang='lat' dir='ltr'>amn—mum.</span> <span class='ocrx_word' id='word_1_230' title='bbox 1444 1163 1448 1186; x_wconf 75' lang='lat'>-.</span> <span class='ocrx_word' id='word_1_231' title='bbox 1445 1140 1448 1141; x_wconf 69' lang='grc'>,</span> <span class='ocrx_word' id='word_1_232' title='bbox 1445 1112 1448 1114; x_wconf 89' lang='grc'><em>,</em></span> <span class='ocrx_word' id='word_1_233' title='bbox 1444 1079 1446 1082; x_wconf 69' lang='grc'>,</span> 
     </span>
    </p>
   </div>
  </div>
 </body>
</html>
