1448 2236
697 49 900 90 CICERO

199 155 316 199 viros,
351 153 462 205 quod
484 153 622 193 facere
640 153 774 193 solent
800 157 870 207 qui
894 155 1122 196 hortantur.
1174 155 1393 196 Neminem

200 231 333 270 habeo
345 232 568 279 clariorem,
581 246 704 284 quam
717 239 761 272 te
773 235 919 285 ipsum.
948 230 1016 273 'Te
1027 236 1189 274 imitere
1201 241 1365 287 oportet
1379 248 1392 283 ς

199 316 337 349 tecum
361 313 447 362 ipse
470 317 616 350 certes.
670 312 734 350 Ne
756 312 852 351 licet
875 313 1041 364 quidem
1063 314 1139 352 tibi
1161 316 1243 352 iam
1265 317 1390 353 tantis

159 395 179 427 7
198 391 319 428 rebus
349 392 475 441 gestis
504 404 587 429 non
614 393 676 429 tui
706 391 878 430 similem
907 405 1008 431 esse.
1061 392 1183 440 Quod
1210 406 1303 431 cum
1331 396 1390 432 ita

199 470 266 514 sit,
288 468 465 507 hortatio
487 483 570 508 non
592 475 655 508 est
676 473 930 517 necessaria3
966 471 1239 522 gratulatione
1259 474 1389 524 magis
1444 487 1446 491 ’

198 547 398 586 utendum
418 553 493 586 est.
548 548 731 600 Contigit
750 551 858 587 enim
876 550 965 595 tibi,
984 550 1093 601 quod
1110 550 1220 589 haud
1237 553 1318 590 scio
1336 564 1388 589 an
1441 556 1448 589 ζ

196 628 363 672 nemini,
403 632 450 665 ut
488 640 646 665 summa
683 630 877 666 severitas
916 629 1269 668 animadversionis
1307 643 1388 669 non

195 705 317 743 modo
332 719 413 744 non
428 706 637 752 invidiosa,
653 706 726 745 sed
742 709 867 745 etiam
881 707 1084 758 popularis
1101 713 1222 754 esset,
1239 714 1282 747 et
1295 721 1388 747 cum

196 784 311 822 bonis
337 785 535 830 omnibus,
560 791 650 823 tum
673 785 811 824 infimo
835 788 981 837 cuique
1004 789 1245 838 gratissima.
1298 787 1387 826 Hoc
1443 763 1448 834 ’ξῖ

196 864 230 901 si
253 864 329 901 tibi
353 862 517 901 fortuna
540 864 717 914 quadam
741 867 991 915 contigisset,
1015 866 1241 916 gratularer
1263 865 1387 905 felici·

193 943 271 979 tati
290 947 387 980 tuae
405 954 415 987 3
449 942 522 980 sed
540 945 712 994 contigit
730 943 1012 994 magnitudine
1030 958 1123 982 cum
1142 947 1278 991 animi,
1296 950 1386 984 tum
1436 937 1448 1013 ³

195 1022 320 1058 etiam
350 1023 489 1071 ingeni
520 1026 646 1072 atque
676 1021 827 1060 consili.
882 1021 985 1074 Legi
1016 1025 1125 1061 enim
1154 1026 1385 1062 contionem
1436 1014 1448 1030 '⁵

192 1104 319 1137 tuam.
360 1099 470 1137 Nihil
487 1099 555 1137 illa
573 1102 807 1151 sapientius.
848 1100 915 1139 Ita
940 1101 1197 1152 pedetentim
1225 1107 1269 1140 et
1293 1115 1383 1154 gra·

192 1178 319 1216 datim
332 1184 421 1216 tum
435 1192 616 1217 accessus
630 1192 655 1216 a
668 1184 712 1217 te
728 1179 780 1217 ad
791 1193 954 1218 causam
966 1179 1078 1226 facti,
1090 1186 1180 1219 tum
1190 1194 1383 1228 recessus,

192 1261 240 1295 ut
256 1270 321 1295 res
338 1259 426 1308 ipsa
443 1260 725 1296 maturitatem
743 1259 819 1297 tibi
839 1259 1187 1301 animadvertendi
1204 1262 1383 1299 omnium

153 1341 174 1373 8
192 1349 384 1374 concessu
403 1336 534 1375 daret.
589 1336 790 1375 Liberasti
809 1339 934 1389 igitur
953 1343 998 1376 et
1017 1338 1172 1376 Urbem
1190 1339 1382 1390 periculo,
1432 1331 1433 1334 ¹

194 1420 237 1453 et
248 1417 456 1453 civitatem
467 1421 583 1454 metu
601 1428 611 1461 ;
638 1429 772 1467 neque
785 1417 913 1455 solum
926 1417 979 1455 ad
989 1422 1151 1468 tempus
1162 1417 1382 1456 maximam

190 1494 413 1532 utilitatem
442 1494 630 1540 attulisti,
657 1495 731 1533 sed
760 1498 884 1534 etiam
912 1496 965 1534 ad
992 1496 1236 1548 exemplum.
1289 1497 1380 1545 Quo

188 1571 297 1611 facto
332 1573 573 1624 intellegere
609 1573 750 1620 debes,
786 1576 827 1612 in
862 1580 907 1612 te
941 1577 1116 1625 positam
1152 1588 1241 1614 esse
1274 1589 1380 1614 rem-

187 1651 406 1702 publicam,
445 1652 602 1703 tibique
640 1666 721 1690 non
758 1653 879 1691 modo
917 1653 1106 1700 tuendos,
1143 1654 1217 1692 sed
1253 1657 1378 1694 etiam
1432 1682 1435 1691 5

188 1730 388 1769 ornandos
414 1743 502 1769 esse
515 1731 612 1769 illos
636 1733 754 1776 viros,
779 1745 803 1769 a
827 1732 972 1782 quibus
994 1734 1155 1770 initium
1177 1732 1376 1772 libertatis
1428 1718 1433 1746 1

186 1808 415 1860 profectum
442 1815 517 1848 est.
571 1809 653 1849 Sed
671 1809 738 1848 ‘his
764 1810 816 1848 de
841 1811 962 1849 rebus
987 1824 1121 1849 coram
1145 1811 1262 1863 plura
1284 1826 1375 1863 pro-

185 1888 363 1938 pediem,
386 1894 434 1927 ut
456 1901 587 1939 spero.
639 1889 701 1927 Tu
724 1889 886 1940 quando
907 1890 1198 1941 rempublicam
1220 1904 1374 1942 nosque

190 1981 266 2016 230
