1448 2236
691 57 892 99 OIOERO

196 158 409 210 flagitium,
430 161 473 199 id
494 166 566 200 aut
585 163 627 200 in
647 175 692 200 re
714 175 817 209 esse,
838 168 910 201 aut
929 165 972 202 in
991 164 1115 203 verbo
1132 176 1143 210 3
1178 163 1276 202 nihil
1297 177 1384 203 esse
1439 173 1448 218 ξ

197 216 379 252 tertium.
434 215 482 253 In
496 228 540 254 re
555 229 636 254 non
652 221 728 254 est.
782 216 928 268 Itaque
943 231 1023 256 non
1038 218 1158 256 modo
1172 219 1215 256 in
1228 230 1385 257 comoe-
1442 250 1448 262 ,

196 267 271 306 diis
289 281 353 306 res
370 271 458 319 ipsa
475 275 662 308 narratur
678 269 743 321 (ut
760 270 828 309 ille
844 273 887 309 in
903 270 1126 323 Demiurgo,

303 337 409 371 modo
424 337 515 371 forte

197 409 303 446 nosti
320 409 522 445 canticum
539 419 550 454 ;
581 410 801 447 meministi
819 408 1021 456 Roscium,

519 486 569 520 ita
584 498 641 519 me
656 485 817 521 destituit
832 487 971 521 midum

197 555 324 606 (totus
345 561 407 594 est
428 568 559 593 sermo
578 557 710 594 verbis
730 562 878 603 tectus,
897 570 941 595 re
959 550 1248 608 impudentior)
1265 569 1292 605 ;‚
1311 557 1383 596 sed

198 611 322 647 etiam
340 611 381 647 in
399 609 631 661 tragoediis.
685 609 794 658 Quid
812 616 875 649 est
893 613 1001 648 enim
1019 611 1117 650 illud
1132 611 1149 649 Ρ

668 687 770 729 Quae
786 688 911 722 mulier
927 699 999 723 una

195 757 307 808 quid,
324 759 504 808 inquam,
524 762 586 795 est
604 758 619 795 ?

294 836 441 878 usurpat
456 833 587 877 duplex
603 834 746 870 cubile?

195 895 304 943 Quid
321 896 336 934 ?

792 948 921 988 Huius,
939 949 1065 989 Phere,

292 991 349 1025 hic
363 991 481 1025 cubile
497 991 584 1026 inire
598 994 651 1025 est
666 1002 785 1025 ausus.

193 1060 303 1108 Quid
322 1066 384 1099 est
401 1062 417 1099 ?

290 1139 478 1182 Virginem
493 1150 551 1172 me
562 1139 746 1182 quemdam
758 1139 907 1173 invitam
923 1142 987 1182 per
996 1140 1069 1174 vim
1084 1139 1192 1174 violat
1207 1139 1377 1183 Iuppiter.

191 1207 303 1246 Bene
334 1207 475 1253 violam
522 1210 635 1258 atqui
666 1208 776 1246 idem
807 1208 1071 1260 signifieat—,
1101 1209 1175 1247 sed
1206 1208 1377 1247 alterum

151 1266 173 1299 2
192 1274 311 1300 nemo
329 1261 501 1300 tulisset.
554 1261 678 1300 Vides
694 1263 832 1313 igitur,
849 1275 941 1300 cum
959 1263 1103 1301 eadem
1119 1275 1184 1301 res
1200 1264 1267 1307 sit,
1283 1263 1378 1313 quia
1420 1262 1423 1263 ⁷

190 1316 314 1354 verba
339 1329 420 1354 non
445 1318 540 1361 sint,
565 1315 665 1353 nihil
690 1316 817 1354 videri
841 1321 974 1367 turpe.
1027 1316 1136 1368 Ergo
1161 1318 1203 1354 in
1227 1329 1272 1354 re
1296 1329 1376 1354 non

191 1374 268 1414 est,
299 1369 429 1408 multo
460 1371 592 1407 minus
622 1371 665 1408 in
694 1370 839 1408 verbis.
891 1369 934 1408 Si
965 1372 1086 1416 enim,
1117 1369 1226 1421 quod
1254 1370 1376 1408 verbo

189 1422 451 1474 significatur,
466 1424 509 1462 id
522 1429 642 1474 turpe
657 1437 738 1462 non
753 1429 832 1469 est,
845 1424 1028 1470 verbum,
1042 1423 1152 1475 quod
1164 1423 1376 1475 significat,

190 1483 310 1528 turpe
325 1490 414 1515 esse
427 1491 508 1515 non
520 1482 671 1528 potest.
713 1476 835 1516 Anum
850 1477 1028 1529 appellas
1042 1477 1173 1516 alieno
1186 1479 1374 1522 nornine,
1364 1489 1374 1498 ·

187 1543 259 1569 cur
273 1544 355 1569 non
370 1544 442 1569 suo
458 1531 626 1582 potius?
680 1530 721 1569 Si
737 1537 858 1582 turpe
876 1537 953 1577 est,
967 1543 1021 1570 ne
1037 1531 1168 1570 alieno
1184 1531 1374 1582 quidem3

187 1586 221 1623 si
243 1598 323 1623 non
347 1590 423 1630 est,
446 1598 519 1623 suo
539 1587 689 1636 potius.
747 1584 914 1624 caudam
936 1587 1092 1636 antiqui
1108 1597 1240 1637 penem
1260 1597 1375 1623 voca-

187 1639 317 1677 bant:
361 1651 412 1676 ex
442 1651 523 1689 quo
553 1644 616 1677 est
643 1644 811 1690 propter
838 1638 1143 1678 similitudinem
1166 1637 1374 1690 penicillus.

238 1766 333 1808 ·By
350 1765 477 1800 Sextus
493 1765 681 1808 Turpilius.

238 1807 252 1828 ⁶
276 1808 309 1841 A
332 1809 506 1842 canticum
528 1819 600 1842 was
623 1819 646 1842 a
669 1819 766 1842 more
789 1819 829 1842 or
851 1809 918 1843 less
941 1809 996 1851 lyr
998 1809 1064 1843 ical
1087 1809 1229 1842 monolo
1279 1819 1373 1847 Qus

189 1862 261 1893 opp
238 1851 347 1892 posed
365 1855 403 1884 to
421 1862 443 1884 a
462 1851 658 1885 diverbium
675 1851 883 1894 (dialogue).
929 1820 1014 1885 This
1033 1862 1105 1885 was
1123 1851 1252 1909 proba
1261 1851 1273 1884 l
1279 1819 1372 1884 θ’ῒὶιο

188 1894 603 1980 ἕξξέἒαζὲἱῖγζῖἒῶς
627 1904 710 1928 man
735 1895 814 1928 who
838 1894 910 1928 had
935 1894 1059 1929 been‘
1061 1893 1252 1928 ‘’fleeced’

190 1987 268 2028 266
