1448 2236
714 69 916 109 CICERO

220 174 364 211 caritas
387 175 555 212 accessit
573 185 583 219 ;
620 186 750 225 eaque
773 173 921 220 effecit,
940 180 991 214 ut
1009 180 1125 213 tuam
1146 177 1272 214 vitam
1293 180 1408 214 ante-

218 240 368 280 ferrem
384 255 518 282 meae.
569 255 633 282 111.
664 243 869 282 Kalendas
886 244 1049 295 Aprilis.

622 576 774 602 PLANCU
776 576 794 602 S
821 576 1006 602 CICERONI

547 659 590 692 In
607 658 872 702 Allobrogibus,
888 670 995 694 Adi-c·
1012 662 1090 694 711.

179 750 196 783 l
267 744 522 784 Immortales
541 759 618 797 ago
634 745 710 784 tibi
726 748 879 796 gratias
895 758 1114 797 agamque,
1130 745 1228 784 dum
1244 748 1376 785 vivam
1396 757 1408 792 3

215 829 310 854 nam
339 816 562 854 relaturum
590 828 672 861 me,
699 815 898 853 affirmare
927 829 1008 854 non
1035 828 1212 866 possum.
1264 816 1406 855 Tantis
1445 833 1448 866 ρ

216 888 325 924 enim
346 888 428 924 tuis
450 885 586 924 officiis
608 899 690 924 non
711 885 850 924 videor
871 885 970 923 mihi
991 885 1239 937 respondere
1259 898 1379 937 posse
1397 898 1408 930 ;
1440 887 1448 938 ἦ

214 958 289 994 nisi
309 955 429 1001 forte,
449 961 496 994 ut
515 962 562 994 tu
581 957 815 1007 gravissime
835 955 1179 1007 disertissimeque
1197 958 1407 1007 scripsisti,
1436 946 1448 963 ³⁴

215 1029 275 1065 ita
301 1039 489 1064 sensurus
518 1039 575 1075 es,
602 1031 650 1064 ut
675 1039 743 1064 me
769 1024 923 1064 referre
948 1028 1124 1077 gratiam
1149 1031 1286 1076 putes,
1312 1039 1405 1064 cum
1432 1038 1434 1041 ·

215 1099 410 1135 memoria
424 1096 589 1135 tenebo.
642 1095 683 1134 Si
699 1095 751 1134 de
766 1096 822 1133 fili
836 1098 898 1134 tui
912 1096 1115 1147 dignitate
1130 1101 1240 1134 esset
1254 1101 1406 1142 actum,

207 1166 418 1205 amabilius
444 1172 556 1205 certe
576 1166 674 1204 nihil
698 1165 835 1204 facere
855 1168 1072 1217 potuisses.
1126 1164 1286 1204 Primae
1309 1171 1406 1205 tuae

215 1239 446 1276 sententiae
477 1236 643 1274 infinitis
675 1249 768 1275 cum
799 1236 1047 1282 muneribus,
1078 1238 1322 1287 posteriores
1353 1237 1405 1274 ad

215 1314 379 1358 tempus
400 1307 694 1358 arbitriumque
709 1308 929 1344 amicorum
946 1319 1131 1344 meorum
1143 1309 1405 1357 compositae,

217 1381 346 1417 oratio
362 1378 414 1416 de
429 1390 496 1416 me
512 1377 672 1415 assidua
687 1382 731 1416 et
743 1382 946 1428 perpetua
958 1378 1090 1428 iurgia
1099 1389 1192 1414 cum
1204 1376 1407 1415 obtrecta-

217 1449 372 1487 toribus
418 1453 586 1499 propter
631 1460 698 1486 me
745 1449 953 1486 notissima
996 1446 1096 1484 mihi
1136 1452 1245 1485 sunt.
1315 1446 1406 1485 Non

216 1519 429 1557 mediocris
446 1518 677 1556 adhibenda
694 1517 793 1555 mihi
813 1523 876 1555 est
890 1530 999 1562 cura,
1018 1522 1066 1555 ut
1078 1516 1325 1567 reipublicae
1339 1530 1407 1555 me

215 1592 345 1627 civem
363 1588 531 1639 dignum
547 1590 627 1626 tuis
646 1587 832 1626 laudibus
846 1592 1066 1638 praestem,
1079 1589 1122 1625 in
1137 1588 1315 1625 amicitia
1333 1592 1408 1625 tua
1432 1607 1433 1610 =

215 1672 438 1698 memorem
458 1664 584 1709 atque
602 1663 778 1709 gratum.
833 1657 953 1704 Quod
971 1656 1171 1708 reliquum
1191 1662 1268 1702 est,
1287 1661 1406 1695 tuum

216 1743 362 1767 munus
379 1734 498 1767 tuere
517 1734 561 1766 et
576 1741 657 1773 me,
675 1729 721 1773 si,
739 1740 863 1778 quem
881 1739 969 1765 esse
985 1726 1160 1772 voluisti,
1179 1739 1272 1765 eum
1291 1729 1406 1766 exitu

176 1806 197 1838 2
215 1801 418 1850 rebusque
440 1800 660 1849 cognoscis,
682 1796 859 1836 defende
882 1810 928 1835 ac
950 1799 1120 1847 suscipe.
1175 1795 1278 1835 Cum
1300 1796 1407 1835 Rho-
1426 1844 1428 1846 v

215 1871 368 1908 danum
400 1872 535 1919 copias
568 1870 830 1913 traiecissem,
863 1866 1114 1918 fratremque
1145 1880 1238 1905 cum
1275 1867 1406 1905 tribus

215 1940 390 1979 millibus
408 1942 591 1990 equiturn
606 1940 918 1989 praemisissem,
933 1940 1021 1988 ipse
1035 1939 1116 1976 iter
1131 1936 1185 1976 ad
1200 1936 1405 1975 Mutinam
1434 1950 1436 1955 ⁸

223 2001 302 2040 826
