1448 2236
662 85 862 124 CICERO
1014 83 1030 110 θ

164 187 375 227 auferendi
397 202 530 236 causa,
552 188 788 241 frequentes
810 193 1012 229 ventitare
1031 192 1222 241 reperies·
1270 187 1350 228 Sed

165 254 270 292 quae
303 242 404 280 haee
438 249 501 281 est
533 246 776 295 arrogantia,
810 244 919 295 quod
949 243 1097 282 Caesar
1129 255 1350 295 numquam

164 296 450 346 interpellavit,
474 299 584 348 quin,
607 298 752 349 quibus
774 298 934 344 vellem,
955 303 1082 349 atque
1104 300 1229 336 etiam
1251 309 1350 348 quos

163 351 249 399 ipse
266 363 347 388 non
364 350 573 402 diligebat,
590 356 730 389 tamen
746 354 793 389 iis
810 358 961 398 uterer,
978 354 1047 403 qui
1062 351 1161 389 mihi
1177 353 1350 389 amicum

164 405 413 453 eripuerunt,
444 405 646 455 carpendo
682 419 749 443 me
782 406 939 443 efficere
975 407 1123 451 conari,
1153 417 1220 450 ne,
1251 417 1350 455 quos

124 461 146 493 8
161 457 296 502 velim,
317 457 482 509 diligam
500 459 515 496 ?
562 458 644 497 Sed
664 473 744 497 non
764 472 920 504 vereor,
939 472 992 497 ne
1012 464 1085 497 aut
1104 471 1222 496 meae
1242 460 1351 495 vitae

162 510 362 549 modestia
377 525 521 562 parum
537 512 709 550 valitura
725 515 778 551 sit
792 515 835 551 in
849 518 1059 564 posterum
1075 517 1216 550 contra
1230 511 1351 549 falsos

160 577 355 610 rumores,
375 571 448 604 aut
468 579 520 604 ne
542 569 667 604 etiam
686 569 728 612 ii,
749 569 817 618 qui
838 579 905 605 me
925 579 1007 605 non
1025 571 1167 604 amant
1185 570 1352 616 propter

161 631 296 656 meam
327 621 370 656 in
403 619 618 658 Caesarem
652 623 935 665 constantiam,
967 633 1050 658 non
1080 619 1225 657 malint
1255 620 1352 663 mei,

161 685 284 722 quam
295 675 355 710 sui
367 673 514 711 similes
526 677 673 712 amicos
685 674 849 712 habere.
880 674 981 711 Mihi
990 673 1155 725 quidem
1165 675 1198 711 si
1209 677 1352 723 optata

161 728 414 777 contingent,
441 727 551 778 quod
575 727 776 779 reliquum
803 733 867 766 est
891 730 1015 773 vitae,
1041 730 1084 765 in
1110 729 1193 765 otio
1219 725 1350 764 Rhodi

161 779 309 830 degam
326 792 336 824 ;
366 783 428 818 sin
442 794 556 819 casus
572 781 714 832 aliquis
729 781 1011 831 interpellarit,
1025 783 1085 819 ita
1100 793 1169 819 ero
1183 779 1351 824 Romae,

161 838 208 870 ut
220 839 332 871 recte
346 834 432 871 fieri
445 848 606 885 semper
618 838 791 886 cupiam.
829 835 1020 873 Trebatio
1033 840 1170 872 nostro
1182 845 1351 884 magnas

161 899 238 938 ago
260 890 426 938 gratias,
449 889 558 939 quod
579 894 697 927 tuum
720 902 818 940 erga
839 902 906 927 me
927 891 1107 926 animum
1129 886 1351 938 simplicem

160 945 286 991 atque
310 944 485 979 amicum
509 945 684 992 aperuit,
710 948 753 980 et
778 942 886 994 quod
912 954 1019 988 eum,
1043 954 1167 993 quem
1191 952 1352 990 semper

160 993 335 1032 libenter
349 995 485 1040 dilexi,
501 1009 581 1047 quo
595 999 724 1048 magis
738 998 824 1034 iure
844 995 975 1034 colere
993 1000 1120 1046 atque
1138 995 1352 1033 observare

160 1047 368 1093 deberem,
386 1048 503 1088 fecit.
550 1049 661 1088 Bene
680 1050 769 1088 vale
789 1055 831 1088 et
849 1062 916 1088 me
934 1049 1071 1101 dilige.

687 1174 827 1212 XXIX
839 1205 844 1210 .

585 1273 724 1298 CICERO
751 1273 868 1298 OPPIO
894 1272 927 1299 S·

550 1338 749 1381 Anagniae,
765 1349 871 1371 A.u.c.
888 1340 967 1372 710.

126 1411 143 1444 1
215 1404 432 1443 Dubitanti
458 1405 570 1452 mihi,
597 1406 706 1457 quod
731 1409 807 1444 scit
832 1406 994 1444 Atticus
1020 1410 1172 1450 noster,
1197 1403 1251 1443 de
1277 1402 1353 1441 hoe

163 1462 252 1496 toto
275 1459 437 1498 consilio
460 1459 733 1510 profectionis,
757 1459 866 1511 quod
888 1462 931 1497 in
953 1465 1170 1510 utramque
1191 1462 1353 1509 partem

214 1539 230 1555 ⁶
253 1535 365 1569 Gaius
393 1536 544 1579 Oppius,
574 1548 596 1570 a
627 1537 766 1570 Roman
796 1537 937 1580 knight,
966 1547 1052 1579 may
1079 1535 1125 1569 be
1152 1534 1264 1569 called
1293 1534 1354 1567 the

168 1577 190 1592 “
200 1578 321 1620 junior
335 1583 478 1622 partner
493 1580 514 1594 ’'
530 1581 571 1612 of
584 1580 625 1613 L.
637 1580 818 1613 Cornelius
836 1580 980 1618 Balbus,
989 1580 1050 1613 the
1061 1577 1250 1621 Spaniard.
1296 1576 1354 1609 He

168 1632 239 1654 was
249 1621 334 1661 also,
345 1633 384 1655 as
397 1622 528 1656 Balbus
538 1633 621 1662 was,
633 1634 679 1655 an
690 1625 850 1656 intimate
858 1622 974 1656 friend
985 1624 1026 1656 of
1033 1622 1071 1656 C.
1083 1622 1201 1655 Julius
1211 1620 1352 1658 Caesar,

168 1664 286 1698 whose
306 1665 366 1698 life
388 1666 432 1699 he
453 1667 481 1699 is
503 1665 579 1699 said
600 1669 637 1699 to
659 1666 748 1699 have
769 1668 918 1705 written,
940 1665 1012 1698 and
1033 1665 1108 1698 also
1129 1664 1188 1697 the
1210 1663 1294 1697 lives
1315 1663 1357 1696 of

169 1707 288 1749 Scipio
315 1709 515 1747 Africanus,
545 1709 693 1747 Marius,
721 1708 874 1747 Cassius,
901 1707 972 1741 and
1001 1708 1174 1750 Pompey.'
1222 1706 1256 1740 It
1281 1715 1353 1738 was

169 1750 326 1784 believed
345 1753 382 1784 in
400 1752 460 1785 the
478 1751 607 1785 second
626 1755 774 1794 century
784 1752 862 1784 that
880 1751 924 1784 he
939 1750 1011 1784 had
1026 1749 1251 1792 co-operated
1269 1748 1353 1781 with

170 1793 306 1826 Hirtius
322 1795 358 1827 in
374 1796 515 1837 writing
529 1796 686 1828 treatises
701 1806 748 1828 on
763 1794 823 1828 the
838 1793 1090 1833 Alexandrian,
1106 1793 1266 1831 African,
1281 1790 1353 1824 and

171 1836 324 1878 Spanish
339 1848 439 1870 wars.
477 1837 562 1871 This
578 1849 661 1880 may
676 1838 720 1871 be
734 1841 811 1871 true
826 1848 865 1870 as
880 1836 1024 1880 regards
1038 1836 1099 1870 the
1113 1834 1353 1869 Alexandrian

170 1890 271 1918 wars,
290 1880 355 1913 but
372 1881 433 1914 the
450 1880 565 1913 books
584 1892 630 1914 on
649 1880 709 1914 the
726 1884 796 1914 two
814 1880 914 1913 other
933 1890 1022 1913 wars
1041 1890 1131 1913 were
1148 1880 1285 1912 written
1303 1876 1354 1919 by

170 1933 252 1955 men
276 1924 318 1974 οξ
337 1925 479 1957 inferior
502 1924 646 1966 literary
668 1934 816 1966 powers,
840 1922 996 1965 actually
1010 1921 1173 1965 engaged
1195 1922 1232 1954 in
1253 1920 1354 1954 those

170 1976 390 2008 campaigns.
1289 1971 1293 1976 '

171 2022 247 2055 510
