1448 2236
669 70 872 110 CICERO

177 187 317 226 gerem
354 180 446 213 tuas
486 188 587 213 esse.
640 175 796 222 Quibus
833 177 874 212 in
913 173 1057 212 litteris
1095 176 1230 212 omnia
1265 172 1362 210 mihi

176 231 424 281 periucunda
473 230 639 269 fuerunt
688 237 852 282 praeter
901 230 1013 276 illud,
1063 230 1172 282 quod
1220 242 1363 280 parum

177 286 394 338 diligenter
429 289 625 337 possessio
663 286 878 325 salinarum
914 299 1096 325 mearum
1132 299 1159 324 a
1194 290 1239 324 te
1273 298 1364 336 pro-

177 348 362 381 curatore
386 341 632 381 defenditur.
685 344 757 381 Ais
783 346 904 389 enim,
929 349 976 381 ut
1001 355 1077 394 ego
1100 342 1363 387 discesserim,
1434 344 1436 350 ’

178 402 313 437 omnia
341 402 521 436 omnium
546 399 669 445 dicta,
695 402 738 438 in
763 399 824 438 his
854 402 978 438 etiam
1006 398 1204 444 Sestiana,
1229 401 1273 436 in
1298 410 1365 435 me

178 455 362 493 conferri.
416 455 557 503 Quid?
613 461 660 494 tu
701 456 744 494 id
784 455 968 506 pateris?
1024 468 1104 492 non
1147 453 1364 493 defendis?

178 524 260 548 non
297 513 448 548 resistis
466 511 481 548 ?
534 511 735 562 Equidem
773 511 986 562 sperabam
1023 512 1082 548 ita
1119 515 1263 548 notata
1299 522 1366 547 me

178 566 386 617 reliquisse
408 579 560 617 genera
581 567 780 605 dictorum
801 580 997 612 meorum,
1019 563 1274 618 ut'cognosci
1295 578 1367 604 sua

140 628 161 660 2
179 629 324 674 sponte
341 627 520 674 possent.
573 622 654 661 Sed
672 622 833 674 quando
851 628 969 660 tanta
986 621 1080 660 faex
1100 627 1163 660 est
1179 624 1222 660 in
1240 621 1366 666 Urbe,

181 684 228 717 ut
248 678 346 716 nihil
367 684 454 716 tam
474 681 527 716 sit
550 678 753 728 ἀκύθηρον,
775 678 884 730 quod
908 691 989 716 non
1014 678 1130 716 alicui
1150 683 1367 716 venustum

182 748 270 773 esse
282 735 481 780 videatur,
491 747 643 786 pugna,
656 737 688 772 si
700 747 766 772 me
779 736 985 780 amas,nisi
997 740 1118 772 acuta
1129 732 1367 783 ἀμφιβολία,

180 794 255 829 nisi
285 790 448 842 elegans
476 790 690 841 ὑπερβολή,
715 792 789 828 nisi
816 790 1075 841 παράγραμμα
1101 789 1266 835 bellum,
1293 791 1368 827 m'si

182 847 393 886 ridiculum
425 846 527 897 παρὰ
560 847 810 895 προσδοκίαν,
841 849 915 884 nisi
953 852 1104 891 cetera,
1136 858 1242 897 quae
1273 850 1368 884 sunt

181 916 207 941 a
221 915 287 940 me
303 905 345 940 in
360 902 536 940 secundo
551 901 652 940 libro
667 901 713 940 de
728 901 885 940 Oratore
898 915 972 952 per
987 902 1141 939 Antoni
1155 913 1369 952 personam

182 959 389 1010 disputata
407 959 459 996 de
477 957 664 1003 ridiculis,
684 957 839 1007 ἔντεχνα
865 963 908 996 et
931 963 1078 1008 arguta
1099 956 1369 1008 apparebunt,

182 1021 229 1053 ut
257 1019 508 1053 sacramento
536 1013 772 1059 contendas,
800 1026 893 1051 mea
919 1026 1001 1051 non
1030 1025 1131 1051 esse.
1185 1012 1290 1050 Nam
1317 1011 1370 1050 de
1437 1014 1448 1049 ἶ

182 1071 336 1110 iudiciis
372 1070 481 1122 quod
516 1073 708 1121 quereris,
743 1069 872 1107 multo
907 1069 1044 1108 laboro
1078 1071 1223 1106 minus.
1274 1067 1370 1105 Tra·
1440 1076 1448 1085 ·

181 1127 330 1166 hantur
347 1140 421 1177 per
438 1139 504 1164 me
522 1125 692 1176 pedibus
711 1139 850 1164 omnes
868 1127 925 1163 rei
944 1137 954 1170 ;
986 1127 1039 1163 sit
1056 1123 1121 1162 vel
1138 1123 1266 1162 Selius
1283 1129 1369 1161 tam

183 1184 389 1234 eloquens,
410 1188 456 1220 ut
478 1185 605 1233 possit
623 1182 795 1232 probare
823 1194 867 1220 se
885 1181 1057 1219 liberum
1075 1193 1086 1226 ;
1119 1193 1200 1218 non
1218 1179 1368 1217 laboro.

184 1240 436 1278 Urbanitatis
473 1240 777 1289 possessionem,
813 1237 972 1282 amabo,
1009 1237 1212 1287 quibusvis
1246 1238 1370 1273 inter-

181 1295 298 1334 dictis
313 1293 579 1332 defendamus
597 1306 607 1338 ;
636 1295 678 1331 in
693 1306 774 1344 qua
787 1298 831 1331 te
846 1306 971 1330 unum
986 1298 1139 1337 metuo,
1153 1297 1368 1329 contemno

182 1357 351 1389 ceteros.
406 1350 592 1388 Derideri
606 1355 649 1388 te
661 1354 782 1400 putas
800 1349 816 1386 ?
869 1348 986 1386 Nunc
999 1348 1163 1386 demum
1176 1346 1369 1397 intellego

142 1412 164 1445 3
182 1412 226 1444 te
265 1418 421 1456 sapere.
474 1404 568 1450 Sed,
609 1403 872 1448 mehercules,
914 1408 1030 1441 extra
1068 1405 1213 1448 iocum,
1252 1401 1369 1440 valde

181 1462 278 1500 mihi
307 1467 404 1499 tuae
430 1460 593 1498 litterae
619 1459 779 1498 facetae
808 1459 1098 1510 elegantesque
1125 1460 1234 1496 visae
1261 1463 1368 1496 sunt.

230 1565 245 1581 ⁰
269 1559 396 1592 Where
411 1559 456 1592 he
472 1558 559 1600 kept
574 1559 629 1591 his
645 1559 837 1591 witticisms
852 1557 984 1600 (sales).

232 1603 245 1623 ὃ
270 1602 310 1636 Ρ.
336 1602 482 1640 Sestius,
507 1602 625 1634 whom
650 1601 772 1634 Cicero
796 1600 994 1638 defended;
1034 1600 1078 1633 he
1103 1610 1175 1633 was
1198 1610 1221 1632 a
1245 1599 1370 1642 highly

186 1645 404 1731 Υθδθρῗῗᾶἒέῗ·
417 1645 595 1721 ωέἓῖοιῖιιέῒ
610 1644 915 1730 {glegxgnloeliey
924 1689 987 1719 not
1022 1697 1068 1718 an
1108 1685 1367 1727 interpolation,

186 1732 310 1766 Cicero
330 1733 360 1765 is
381 1731 497 1774 guilty
519 1730 559 1763 of
577 1741 600 1762 a
622 1730 720 1772 lapse
742 1730 782 1763 of
801 1740 973 1771 memory,
995 1729 1056 1762 the
1077 1728 1299 1762 dissertation
1322 1739 1368 1761 on

182 1775 286 1819 jokes
303 1775 454 1808 referred
471 1778 507 1806 to
518 1774 626 1815 being
641 1773 690 1815 by
707 1773 746 1806 C.
759 1773 877 1806 Julius
895 1772 1025 1805 Caesar
1041 1771 1170 1805 Strabo
1182 1771 1368 1813 Vopiscus.

233 1819 249 1839 ¹¹
273 1820 341 1858 i.e.,
359 1818 380 1832 “
395 1818 506 1851 about
522 1828 583 1859 my
599 1816 737 1859 neglect
753 1815 792 1849 of
804 1815 938 1849 them.”

234 1867 246 1882 ⁶
271 1862 379 1895 Some
393 1860 496 1894 venal
513 1863 630 1893 orator
646 1870 686 1892 or
701 1859 812 1892 other.

232 1905 256 1981 ἶ)
271 1905 412 1980 Οεήὲιίιι
436 1902 656 1946 undignified
681 1903 898 1945 expressions
922 1900 963 1934 of
983 1900 1135 1934 Cicero’s
1157 1899 1285 1938 friend,
1308 1900 1371 1933 the

187 1950 231 1982 tri
258 1959 327 1981 une
370 1949 458 1980 urio.

190 2005 241 2044 92
