1448 2236
677 43 879 83 GIOERO

182 144 377 192 hercules,
399 149 474 184 nisi
498 149 624 185 nostri
648 149 806 198 equites
829 150 986 186 acutius
1008 147 1216 192 vidissent,
1237 158 1370 198 paene
1434 171 1435 174 =

143 212 165 243 2
183 208 431 247 concedente
477 209 704 247 adversario
751 214 995 260 superasset.
1048 208 1154 248 Illud
1199 214 1243 247 te
1289 221 1370 246 non

183 270 355 308 arbitror
383 273 587 317 miratum,
616 270 848 316 Servaeum,
877 271 1135 323 designatum
1161 271 1369 309 tribunum
1435 289 1442 325 ἶ

181 331 324 382 plebis,
349 333 691 378 condemnatum;
729 336 840 371 cuius
865 333 1000 371 locum-
1021 332 1066 371 C.
1092 332 1212 371 Curio
1234 334 1368 383 petiit.

183 394 413 446 Sanequam
427 398 573 433 incutit
588 394 738 440 multis,
755 398 823 446 qui
840 408 935 433 eum
948 394 1268 445 facilitatemque
1285 395 1369 432 eius

181 470 263 495 non
282 463 444 503 norunt,
464 470 658 509 magnum
676 463 833 495 metum
851 470 861 502 ;
895 457 981 503 sed,
1001 463 1048 495 ut
1066 469 1183 507 spero
1204 461 1248 494 et
1266 455 1368 501 volo,

184 525 227 557 et
243 525 289 557 ut
304 532 347 557 se
362 519 444 557 fert
459 522 559 570 ipse,
574 520 699 557 bonos
716 525 760 557 et
774 525 962 557 senatum
976 516 1116 556 malet.
1167 518 1307 563 Totus,
1322 522 1370 555 ut

181 595 287 619 nunc
313 587 389 627 est,
413 581 488 620 hoe
512 584 693 620 scaturit.
746 581 876 619 Huius
900 580 1118 619 voluntatis
1142 582 1302 618 initium
1326 584 1370 617 et

181 657 302 682 causa
318 649 394 689 est,
409 644 518 695 quod
533 657 627 681 eum
641 657 722 681 non
737 643 992 681 mediocriter
1006 642 1167 688 Caesar,
1183 644 1252 693 qui
1266 641 1369 679 solet

181 706 408 744 infimorum
432 706 639 744 hominum
663 708 859 743 amicitias
883 706 958 744 sibi
982 704 1164 756 qualibet
1187 707 1369 754 impensa

182 769 416 820 adiungere,
433 768 549 806 valde
565 770 820 818 contempsit.
875 767 966 815 Qua
980 769 1023 804 in
1037 780 1081 804 re
1097 766 1194 804 mihi
1209 766 1368 804 videtur

181 830 278 869 illud
296 844 493 881 perquam
511 835 681 868 venuste
699 830 903 874 cecidisse,
923 829 1031 880 quod
1049 842 1074 866 a
1090 828 1253 879 reliquis
1272 840 1368 878 quo-

181 906 261 944 que
285 906 412 944 usque
437 906 485 931 eo
510 898 572 930 est
594 892 931 937 animadversum,
954 897 1001 929 ut
1024 891 1157 936 Curio,
1180 893 1248 941 qui
1272 887 1368 926 nihil

181 955 342 993 consilio
374 954 486 1000 facit,
517 957 674 992 ratione
708 960 750 992 et
782 954 932 991 insidiis
965 966 1059 991 usus
1091 952 1296 990 videretur
1325 953 1367 988 in

183 1018 380 1056 evitandis
407 1030 546 1055 eorum
570 1016 754 1062 consiliis,
781 1019 850 1067 qui
874 1028 918 1053 se
943 1015 1205 1053 intenderant
1228 1013 1368 1051 adver-

181 1082 303 1118 sarios
322 1082 364 1117 in
384 1082 468 1117 eius
488 1080 763 1124 tribunatum3
793 1077 951 1116 Laelios
971 1083 1015 1115 et
1033 1077 1245 1122 Antonios,
1265 1081 1309 1113 et
1325 1074 1366 1112 id

142 1147 162 1179 3
181 1155 308 1193 genus
328 1141 509 1179 valentes
527 1141 628 1179 dico.
683 1140 768 1178 Has
788 1153 864 1191 ego
882 1139 957 1178 tibi
974 1139 1131 1177 litteras
1150 1150 1198 1176 eo
1216 1140 1366 1175 maiore

175 1207 268 1242 ¹misi
296 1203 519 1248 intervallo,
547 1203 656 1254 quod
682 1205 934 1240 comitiorum
961 1200 1173 1239 dilationes
1200 1211 1366 1249 occupa-

179 1268 325 1304 tiorem
351 1278 418 1303 me
445 1265 666 1310 habebant,
695 1269 738 1302 et
766 1268 1002 1314 exspectare
1028 1265 1071 1299 in
1097 1262 1183 1300 dies
1211 1263 1366 1298 exitum

178 1329 393 1379 cogebant,
405 1332 464 1373 ut,
477 1326 670 1365 confectis
682 1326 880 1370 omnibus,
892 1330 935 1362 te
949 1324 1127 1362 facerem
1140 1325 1365 1361 certiorem.

179 1391 246 1428 Ad
273 1390 476 1428 Kalendas
501 1388 674 1427 Sextiles
699 1401 827 1438 usque
853 1388 1097 1438 exspectavi.
1150 1385 1364 1423 Praetoriis

178 1465 315 1490 morae
360 1452 562 1503 quaedam
605 1450 845 1488 inciderunt.
900 1448 1000 1487 Mea
1041 1460 1160 1499 porro
1202 1449 1364 1485 comitia

178 1527 301 1566 quem
338 1519 531 1552 eventum
567 1516 648 1551 sint
684 1513 885 1557 habitura,
921 1513 1070 1549 nescio.
1121 1509 1363 1560 Opinionem

178 1577 356 1629 quidem,
379 1576 488 1626 quod
509 1576 563 1613 ad
585 1575 750 1612 Hirrum
772 1577 936 1619 attinet,
958 1571 1234 1611 incredibilem
1254 1570 1363 1609 aedi-

208 1737 215 1743 ·
228 1695 243 1711 ‘²
267 1689 497 1724 Condemned
525 1689 581 1722 for
610 1688 783 1727 ambitus;
814 1688 965 1730 nothing
993 1698 1091 1720 more
1108 1680 1149 1719 ¹is
1170 1685 1302 1719 known
1323 1685 1363 1719 of

181 1736 339 1810 hu'lehe
354 1777 494 1810 famous
510 1775 550 1809 C.
566 1774 771 1808 Scribonius
787 1773 905 1807 Curio.
952 1772 1020 1806 See
1034 1775 1118 1805 note
1130 1775 1168 1804 to
1183 1773 1219 1804 ii.
1239 1775 1268 1804 1.
1336 1782 1338 1784 ·

227 1826 240 1842 ⁶
264 1821 386 1853 Either
415 1820 508 1852 from
539 1818 714 1862 jealousy,
745 1828 786 1851 or
817 1817 968 1850 because
998 1816 1083 1858 they
1114 1814 1272 1848 doubted
1303 1815 1358 1848 his

179 1866 356 1940 {neeritffi
379 1863 451 1896 and
472 1861 593 1896 feared
614 1861 704 1900 that,
725 1860 756 1894 if
774 1859 919 1899 elected,
942 1859 986 1892 he
1011 1858 1127 1901 might
1146 1868 1195 1900 go
1216 1869 1300 1892 over
1319 1861 1359 1892 to

209 1917 321 1941 aesar.

184 1975 257 2009 112
