1448 2236
698 56 900 97 CICERO

199 161 448 199 iracundiam
486 165 615 207 tuam,
655 163 753 213 quin
791 162 906 200 nobis
945 161 998 200 de
1036 167 1168 201 morte
1207 161 1388 201 Caesaris

160 242 181 274 3
200 237 392 275 obiceres.
450 237 555 276 Illud
583 250 678 276 vero
709 237 1051 290 quemadmodum
1078 237 1293 277 ferendum
1321 241 1388 284 sit,

199 318 290 351 tute
321 316 482 365 cogita:
529 327 610 351 non
639 314 761 352 licere
791 315 1044 365 praetoribus
1075 315 1310 353 concordiae
1340 327 1388 353 ac

197 389 396 427 libertatis
424 403 545 428 causa
571 403 646 440 per
674 390 852 428 edictum
880 390 932 428 de
960 404 1032 429 suo
1059 393 1146 428 iure
1174 390 1386 436 decedere,

197 468 295 516 quin
312 466 449 504 consul
467 479 579 504 arma
596 469 786 505 minetur.
831 467 1014 515 Quorum
1031 467 1176 505 fiducia
1194 467 1292 504 nihil
1310 472 1385 512 est,

196 542 306 593 quod
331 555 403 580 nos
428 548 596 581 terreas.
649 543 794 594 Neque
821 546 930 581 enim
954 543 1075 582 decet
1100 549 1174 582 aut
1198 545 1386 581 convenit

194 618 309 656 nobis
347 619 524 669 periculo
563 619 632 656 ulli
678 620 920 658 submittere
965 622 1145 657 animum
1189 625 1384 665 nostrum,

194 706 328 745 neque
371 700 434 733 est
470 695 649 733 Antonio
684 695 986 746 postulandum,
1023 701 1071 734 ut
1109 698 1157 733 iis
1197 697 1385 746 imperet,

194 784 365 822 quorum
387 784 511 822 opera
532 771 634 810 liber
657 777 733 810 est.
782 772 865 811 Nos
887 774 923 818 si
942 772 1021 810 alia
1042 771 1315 818 hortarentur,
1336 776 1385 810 ut

192 847 343 885 bellum
370 848 485 886 civile
513 851 708 887 suscitare
734 848 942 894 vellemus,
969 848 1133 887 litterae
1160 853 1258 887 tuae
1285 847 1384 886 nihil

191 924 447 974 proficerent.
507 925 627 962 Nulla
661 927 768 963 enim
800 927 991 963 minantis
1023 927 1242 963 auctoritas
1274 924 1383 975 apud

191 1000 337 1039 liberos
368 1006 444 1039 est.
500 1001 582 1039 Sed
610 1001 777 1052 pulchre
806 1002 1022 1054 intellegis,
1052 1015 1135 1040 non
1162 1014 1280 1052 posse
1310 1014 1382 1039 nos

190 1090 395 1129 quoquam
418 1077 568 1128 impelli
587 1090 596 1123 ;
636 1084 680 1116 et
702 1077 881 1116 fortassis
907 1089 956 1116 ea
977 1091 1023 1116 re
1045 1080 1257 1116 minaciter
1279 1079 1380 1129 agis,

149 1159 171 1190 4
189 1158 236 1191 ut
266 1153 457 1192 iudicium
487 1160 670 1192 nostrum
700 1160 834 1193 metus
865 1155 1064 1193 videatur.
1120 1154 1203 1193 Nos
1233 1155 1276 1192 in
1305 1153 1380 1192 hac

188 1233 394 1268 sententia
417 1244 567 1276 sumus,
592 1236 639 1269 ut
662 1236 706 1269 te
729 1234 937 1281 cupiamus
960 1234 1004 1268 in
1023 1230 1152 1269 libera
1173 1230 1379 1281 republica

187 1320 382 1359 magnum
403 1313 527 1359 atque
546 1307 763 1346 honestum
785 1320 885 1353 esse,
905 1321 1094 1346 vocemus
1113 1313 1158 1345 te
1177 1307 1232 1346 ad
1249 1306 1377 1345 nullas

187 1385 428 1429 inimicitias,
467 1384 540 1422 sed
577 1390 717 1422 tamen
753 1384 877 1435 pluris
914 1390 1094 1422 nostram
1130 1383 1377 1428 libertatem,
1445 1415 1448 1419 ,

188 1473 310 1511 quam
330 1465 445 1497 tuam
465 1463 684 1498 amicitiam
703 1463 978 1498 aestimemus.
1023 1460 1086 1498 Tu
1107 1462 1231 1498 etiam
1250 1465 1376 1511 atque
1446 1462 1448 1467 '

188 1539 314 1574 etiam
347 1536 452 1582 vide,
488 1536 585 1587 quid
619 1539 823 1587 suscipias,
859 1536 957 1588 quid
990 1539 1189 1574 sustinere
1221 1538 1374 1587 possis;

186 1625 334 1663 neque,
360 1625 483 1663 quam
507 1612 576 1650 diu
602 1615 748 1650 vixerit
773 1613 934 1658 Caesar,
959 1612 1031 1650 sed
1055 1625 1178 1663 quam
1201 1625 1283 1650 non
1305 1611 1375 1649 diu

184 1691 379 1740 regnarit,
401 1688 465 1727 fac
488 1692 654 1741 cogites.
705 1689 815 1727 Deos
839 1702 1095 1740 quaesumus,
1118 1688 1280 1727 consilia
1301 1693 1374 1726 tua
1422 1672 1426 1677 'V

183 1764 428 1815 reipublicae
450 1765 641 1803 salutaria
661 1767 741 1803 sint
761 1778 809 1803 ac
829 1765 904 1803 tibi
921 1777 931 1810 ;
965 1767 999 1803 si
1018 1767 1164 1810 minus,
1185 1770 1245 1810 ut,
1265 1763 1374 1802 salva

184 1847 310 1893 atque
323 1841 495 1880 honesta
507 1842 726 1893 republica,
741 1842 815 1880 tibi
829 1855 952 1892 quam
964 1843 1175 1879 minimum
1187 1845 1374 1885 noceant,

186 1924 387 1968 optamus.
441 1917 574 1957 Pridie
593 1919 728 1956 Nonas
747 1917 860 1956 Sext.

189 1984 264 2019 436
