1448 2236
686 52 888 92 CICERO

191 166 286 193 vero
310 156 455 194 eadem
482 159 677 207 praemia,
701 171 807 209 quae
834 161 916 198 suis
942 159 1168 211 legionibus
1192 159 1378 212 (quorum

191 227 280 276 quis
317 226 440 264 ullam
478 227 600 265 finem
637 234 710 267 aut
745 229 911 267 modum
947 228 1130 268 futurum
1166 233 1329 281 putavit
1346 230 1379 282 ?)
1446 247 1448 249 ¹

190 297 514 335 incitatissimam
567 301 729 345 retinui,
786 313 908 351 aegre
964 299 1244 346 mehercules3
1306 314 1381 339 nec

191 369 464 413 retinuissem,
501 371 534 406 si
574 382 654 407 uno
695 369 782 408 loco
822 369 1066 416 habuissem,
1103 376 1248 422 utpote
1289 384 1382 409 cum

192 437 375 488 singulae
424 439 626 489 quaedam
674 439 859 478 cohortes
907 441 1149 479 seditionem
1196 439 1380 479 fecerint.

192 506 382 559 Reliquas
408 521 570 560 quoque
593 509 772 561 legiones
797 525 878 549 non
902 511 1063 550 destitit
1085 511 1232 550 litteris
1257 517 1382 562 atque

191 578 358 617 infinitis
389 579 748 630 pollicitationibus
777 583 960 620 incitare.
1014 581 1100 620 Nec
1127 595 1223 620 vero
1250 584 1382 620 minus

194 648 372 699 Lepidus
385 652 487 688 ursit
498 663 565 688 me
579 656 622 688 et
634 653 714 689 suis
728 656 772 689 et
783 651 938 689 Antoni
948 651 1110 697 litteris,
1121 657 1169 690 ut
1180 651 1383 703 legionem

153 725 174 756 5
192 719 458 770 Trigesimam
477 723 686 759 mitterem
706 722 794 759 sibi.
849 722 996 773 Itaque
1016 735 1139 773 quem
1160 716 1383 761 exercitum

193 803 328 841 neque
351 791 528 829 vendere
552 791 641 830 ullis
662 794 852 842 praemiis
875 792 996 838 volui,
1018 805 1094 830 nec
1118 805 1256 830 eorum
1278 794 1384 843 peri—

192 860 372 899 culorum
390 867 520 907 metu,
539 874 659 912 quae,
677 863 894 900 victoribus
912 862 1002 908 illis,
1019 863 1383 913 portendebantur,
1445 907 1448 912 Δ

193 931 434 977 diminuere,
475 932 635 970 debetis
679 934 912 971 existimare
955 938 1164 971 retentum
1205 938 1250 972 et
1290 946 1384 971 con·
1446 938 1448 943 '

192 1007 399 1040 servatum
443 1002 695 1053 reipublicae
741 1015 857 1049 esse;
922 1009 1047 1054 atque
1095 1006 1156 1042 ita
1203 1003 1383 1048 credere,

193 1072 479 1123 quodcumque
506 1075 794 1123 imperassetis,
820 1071 1023 1111 facturum
1051 1072 1188 1119 fuisse,
1207 1075 1254 1119 si,
1274 1073 1383 1124 quod

193 1145 377 1188 iussistis,
395 1141 487 1181 feci.
543 1143 649 1181 Nam
669 1149 712 1182 et
730 1146 975 1195 provinciam
994 1146 1036 1182 in
1054 1146 1152 1190 otio,
1171 1149 1215 1182 et
1234 1146 1384 1182 exerei-
1444 1196 1448 1198 η

193 1218 283 1252 tum
298 1215 341 1251 in
355 1226 449 1252 mea
462 1219 672 1264 potestate
688 1216 802 1252 tenui
821 1226 831 1259 ;
862 1213 1006 1252 finibus
1022 1227 1140 1252 meae
1154 1216 1383 1265 provinciae
1446 1216 1448 1226 ²

193 1297 393 1335 nusquam
423 1286 604 1329 excessi3
647 1284 819 1322 militem
847 1298 928 1323 non
955 1284 1076 1323 modo
1104 1284 1382 1335 legionarium,
1446 1292 1448 1294 ’

193 1355 266 1393 sed
284 1368 335 1392 ne
355 1354 608 1392 auxiliarium
626 1355 792 1405 quidem
810 1354 935 1392 ullum
953 1367 1158 1406 quoquam
1174 1356 1263 1393 misi
1282 1366 1292 1400 ;
1325 1360 1383 1401 et,
1445 1360 1448 1371 ³

192 1428 224 1463 si
260 1438 361 1476 quos
397 1427 555 1476 equites
590 1425 838 1463 decedentes
873 1430 1015 1463 nactus
1050 1438 1152 1471 sum,
1187 1425 1381 1476 supplicio
1441 1445 1448 1475 j

193 1495 322 1533 affeci.
377 1494 559 1542 Quarum
591 1509 727 1533 rerum
758 1494 936 1533 fructum
967 1497 1065 1533 satis
1096 1508 1290 1546 magnum
1321 1509 1384 1534 re-

192 1566 353 1617 publica
378 1565 489 1604 salva
513 1565 653 1603 tulisse
679 1579 746 1603 me
771 1566 938 1616 putabo.
992 1565 1074 1604 Sed
1098 1565 1324 1616 respublica
1348 1568 1381 1603 si
1440 1557 1448 1586 ⁴¹

192 1650 259 1674 me
282 1638 379 1674 satis
403 1638 580 1675 novisset
604 1641 647 1673 et
669 1638 796 1673 maior
818 1649 910 1686 pars
933 1641 1112 1681 senatus,
1135 1638 1306 1674 maiores
1329 1649 1380 1674 ex

191 1721 259 1745 me
289 1706 442 1744 fructus
472 1706 646 1744 tulisset.
699 1706 941 1757 Epistulam,
971 1719 1094 1757 quam
1121 1705 1264 1752 Balbo,
1288 1719 1380 1744 cum

193 1780 319 1816 etiam
339 1790 445 1815 nunc
466 1779 507 1814 in
527 1779 731 1827 provincia
753 1782 874 1821 esset,
895 1778 1047 1826 scripsi,
1067 1775 1283 1827 legendam
1303 1776 1377 1814 tibi

559 1926 576 1942 ⁰
600 1922 746 1963 Antony
762 1920 835 1954 and
852 1921 1019 1963 Lepidus.

199 1980 275 2014 410
