1448 2236
688 61 890 102 CICERO

193 176 260 202 me
275 176 409 214 neque
424 163 547 202 deese
563 164 644 202 ulla
657 167 700 203 in
713 178 772 211 re,
787 179 921 217 neque
936 180 1129 220 umquam
1144 166 1378 210 defuturum

193 218 383 269 dignitati
401 223 512 257 tuae.
1003 237 1005 239 ·

751 364 811 403 IX

471 472 513 499 D.
540 472 692 498 BRUTUS
719 473 751 499 S.
778 473 818 499 D.
845 473 892 500 M.
918 474 1102 501 CICERONI

481 562 540 595 Ad
558 562 711 606 Regium
729 563 866 606 Lepidi,
882 575 988 600 A.U.c.
1005 567 1082 600 711.

156 646 174 677 1
245 637 376 676 Pansa
390 641 549 684 amisso,
564 645 763 690 quantum
777 639 1012 679 detrimenti
1029 643 1255 693 respublica
1266 656 1379 683 acce-

193 695 314 742 perit,
326 705 408 730 non
419 697 463 730 te
474 695 686 742 praeterit.
724 693 842 732 Nunc
853 697 1097 734 auctoritate
1110 701 1154 734 et
1163 697 1382 747 prudentia

194 752 267 784 tua
291 748 508 796 prospicias
535 752 711 796 oportet,
737 760 790 785 ne
815 750 964 786 inimici
989 751 1129 795 nostri,
1155 751 1380 790 consulibus

193 799 375 845 sublatis,
410 806 576 850 sperent
610 813 654 838 se
689 801 966 840 convalescere
999 815 1131 853 posse.
1190 804 1294 856 Ego,
1327 818 1380 844 ne
1444 831 1448 834 ⁴

193 856 413 891 consistere
442 856 569 904 possit
598 855 640 891 in
671 854 791 892 Italia
819 855 1036 902 Antonius,
1065 856 1172 895 dabo
1201 871 1380 908 operam.

194 907 348 958 Sequar
366 920 460 945 eum
477 906 703 946 confestim.
749 908 980 960 Utrumque
997 923 1063 947 me
1079 916 1380 962 praestaturum

193 974 324 1011 spero,
355 973 409 998 ne
439 966 513 999 aut
543 961 756 1000 Ventidius
788 962 972 1001 elabatur
1003 969 1076 1002 aut
1106 965 1308 1004 Antonius
1337 969 1380 1004 in
1445 1010 1448 1017 Ι

194 1014 313 1052 Italia
347 1020 541 1053 moretur.
604 1014 653 1052 In
688 1018 826 1065 primis
860 1030 959 1068 rogo
994 1022 1053 1063 te,
1087 1017 1142 1056 ad
1175 1018 1379 1058 hominem
1443 1034 1448 1075 ἑ

192 1070 529 1114 ventosissimum‚
562 1067 777 1119 Lepidum,
813 1072 966 1116 mittas,
995 1083 1049 1109 ne
1084 1071 1237 1110 bellum
1265 1073 1379 1112 nobis
1444 1082 1448 1123 ζ

191 1122 471 1174 redintegrare
488 1125 628 1172 possit,
647 1123 825 1162 Antonio
843 1124 918 1161 sibi
936 1127 1161 1164 coniuncto.
1205 1125 1311 1164 Nam
1326 1127 1379 1165 de
1441 1153 1448 1182 Ι

194 1175 372 1214 Pollione
392 1176 531 1214 Asinio
551 1181 652 1226 puto
673 1182 716 1215 te
735 1179 977 1227 perspicere,
997 1179 1096 1229 quid
1114 1178 1293 1218 facturus
1312 1182 1378 1219 sit.
1442 1186 1448 1228 ξ

195 1229 355 1268 Multae
382 1235 425 1268 et
449 1230 582 1267 bonae
607 1235 652 1268 et
676 1230 815 1269 firmae
841 1237 937 1269 sunt
960 1231 1139 1283 legiones
1166 1232 1310 1284 Lepidi
1336 1240 1379 1272 et
1443 1228 1448 1268 l

154 1288 175 1320 2
194 1283 321 1321 Asini.
367 1283 511 1334 Neque
530 1283 632 1322 haee
653 1284 799 1323 idcirco
825 1286 900 1323 tibi
924 1286 1067 1331 scribo,
1093 1286 1202 1337 quod
1227 1293 1271 1325 te
1299 1300 1379 1326 non
1438 1270 1448 1307 ³

194 1337 339 1375 eadem
353 1337 676 1375 animadvertere
691 1340 827 1384 sciam,
843 1338 916 1376 sed
930 1339 1040 1390 quod
1052 1339 1150 1377 mihi
1163 1343 1379 1391 persuasis-

192 1393 339 1428 simum
370 1396 446 1437 est,
478 1391 679 1441 Lepidum
707 1397 820 1430 recte
849 1391 1053 1431 facturum
1081 1406 1316 1445 numquam,
1345 1397 1379 1433 si

191 1443 298 1482 forte
312 1445 424 1482 vobis
439 1444 491 1483 de
506 1444 581 1482 hoc
596 1445 763 1483 dubium
779 1450 854 1484 est.
900 1445 1093 1484 Plancum
1106 1460 1268 1499 quoque
1286 1461 1378 1487 con-

192 1498 359 1536 firmetis
382 1511 464 1543 oro,
487 1512 610 1549 quem
632 1511 763 1549 spero,
784 1498 899 1549 pulso
921 1500 1114 1546 Antonio,
1134 1501 1378 1552 reipublicae

192 1565 274 1591 non
289 1551 537 1590 defuturum.
579 1551 620 1590 Si
636 1565 680 1590 se
696 1552 821 1603 Alpes
837 1553 1038 1592 Antonius
1054 1556 1271 1600 trajecerit,
1287 1569 1378 1594 con-

242 1650 257 1665 ⁴²
280 1646 314 1678 A
338 1649 434 1679 town
458 1656 505 1678 on
529 1645 589 1679 the
613 1646 790 1679 Aemilian
816 1646 931 1686 Road,
955 1646 1114 1681 between
1141 1647 1284 1682 Mutina
1306 1649 1377 1684 aud

195 1688 336 1727 Parma,
360 1688 535 1731 probably
554 1688 646 1722 built
666 1689 716 1731 by
740 1689 793 1723 M.
815 1690 987 1730 Aemilius
1008 1690 1059 1724 Le
1085 1690 1176 1731 idus,
1197 1692 1320 1725 consul
1341 1694 1377 1726 in

199 1734 273 1771 187,
290 1731 370 1765 who
387 1731 491 1765 made
506 1731 567 1765 the
582 1731 668 1765 road
683 1745 693 1771 ς
723 1733 750 1766 it
765 1733 794 1766 is
810 1732 870 1766 the
886 1732 1033 1766 modern
1084 1735 1199 1777 eggio.

241 1775 254 1795 ¹³
280 1774 396 1808 Pansa
412 1774 483 1808 had
499 1774 581 1808 died
597 1775 695 1817 early
710 1786 756 1808 on
773 1775 875 1817 April
889 1778 946 1815 23,
963 1778 999 1809 in
1017 1776 1189 1811 Bononia.

245 1823 257 1838 ⁶
281 1817 416 1851 Hirtius
439 1817 510 1850 and
534 1818 660 1857 Pansa,
685 1818 771 1851 both
794 1819 835 1852 of
846 1818 962 1852 whom
978 1818 1049 1852 had
1071 1819 1188 1853 fallen.
1238 1819 1305 1854 See
1319 1820 1378 1854 the

200 1860 387 1902 Summary
396 1859 439 1902 os
446 1861 499 1893 the
509 1860 690 1903 Cisalpine
700 1861 895 1904 Oampaigm
901 1865 939 1895 at
945 1862 1204 1906 thebeginning
1212 1864 1255 1897 of
1262 1863 1331 1897 Bk.
1342 1874 1377 1898 x.
1408 1872 1425 1911 g

241 1903 256 1923 ‘¹
281 1903 350 1936 For
364 1903 551 1937 Ventidius
569 1904 698 1937 Bassus
706 1914 770 1941 ,see
786 1908 867 1937 note
881 1915 927 1938 on
948 1916 980 1938 x.
1001 1908 1053 1938 18.
1069 1908 1102 1939 3.
1137 1905 1194 1939 He
1209 1917 1280 1940 was
1298 1917 1378 1941 now
1425 1906 1427 1911 ’

194 1945 363 1989 bringing
379 1946 476 1980 three
492 1947 626 1989 legions
642 1950 680 1980 to
695 1947 844 1990 Antony
857 1949 950 1981 from
969 1948 1147 1983 Picenum.

195 2002 272 2035 450
