1448 2236
678 64 879 104 CICERO

181 179 388 218 umquam.
439 167 546 205 Nam
570 168 637 206 die
662 174 734 207 tuo
758 169 885 207 natali
909 171 1076 208 victoria
1100 171 1301 214 nuntiata,
1325 170 1366 206 in

179 231 309 269 multa
346 232 506 270 saecula
543 233 778 271 videbamus
814 234 1103 284 rempublicam
1140 233 1366 272 liberatam.

180 295 282 334 Novi
298 299 462 335 timores
477 303 672 336 retexunt
687 301 905 349 superiora.
945 298 1144 350 Scripsisti
1159 304 1299 337 autem
1313 297 1367 336 ad

177 374 244 398 me
261 364 321 407 iis,
339 375 438 413 quas
457 362 594 400 Idibus
613 362 734 401 Maiis
751 363 912 409 dedisti,
927 363 1048 402 modo
1064 369 1108 401 te
1124 365 1325 414 accepisse
1341 375 1367 400 a

178 424 325 464 Planco
343 426 513 473 litteras,
531 440 613 465 non
628 430 753 478 recipi
770 428 994 466 Antonium
1011 440 1037 466 a
1054 427 1223 478 Lepido.
1266 427 1316 466 Id
1332 429 1365 465 si

176 493 235 528 ita
249 497 324 537 est,
338 494 472 529 omnia
483 491 662 530 faciliora
679 505 689 538 3
717 495 778 530 sin
791 492 922 539 aliter,
934 506 1128 545 magnum
1141 494 1364 544 negotium,

175 558 286 593 cuius
305 559 461 594 exitum
477 570 559 595 non
577 560 797 596 extimesco
813 570 824 604 3
855 563 953 596 tuae
969 563 1107 609 partes
1124 563 1232 595 sunt.
1275 552 1364 608 Ego

174 620 278 671 plus,
305 634 427 672 quam
451 621 544 668 feci,
569 621 704 661 facere
729 635 810 661 non
834 635 1011 673 possum.
1059 622 1119 660 Te
1143 627 1297 667 tamen,
1322 621 1364 659 id

175 685 284 736 quod
301 699 433 737 spero,
450 689 630 725 omnium
647 690 869 726 maximum
888 693 931 726 et
948 687 1210 726 clarissimum
1225 686 1364 725 videre

173 753 304 801 cupio.

310 1012 356 1039 Μ.
382 1012 421 1040 Τ.
447 1013 482 1040 C.
508 1013 541 1040 S.
568 1013 606 1040 Ρ.
633 1013 673 1039 D.
701 1014 741 1039 D.
769 1013 898 1039 BRUTO
925 1012 1014 1041 IMP.
1040 1013 1119 1039 COS.
1147 1012 1233 1041 ΒΕΘ.

585 1108 732 1147 Romae,
748 1119 854 1142 A.u.c.
872 1110 950 1142 711.

132 1196 149 1229 1
224 1192 312 1230 Etsi
336 1193 433 1230 mihi
459 1198 557 1231 tuae
581 1192 744 1231 litterae
764 1193 1073 1231 iucundissimae
1091 1197 1199 1238 sunt,
1218 1197 1358 1231 tamen

168 1257 378 1295 iucundius
392 1257 484 1303 fuit,
499 1258 607 1308 quod
621 1260 663 1295 in
676 1270 833 1296 summa
846 1260 1110 1308 occupatione
1123 1262 1196 1295 tua
1209 1256 1356 1294 Planco

169 1321 348 1373 collegae
367 1322 583 1368 mandasti,
603 1328 650 1361 ut
669 1328 712 1360 te
732 1322 830 1359 mihi
847 1335 922 1373 per
939 1321 1096 1360 litteras
1118 1326 1356 1366 excusaret3

169 1387 278 1437 quod
292 1385 391 1425 fecit
406 1387 472 1425 ille
488 1387 718 1438 diligenter.
762 1387 865 1424 Mihi
880 1392 1020 1425 autem
1034 1386 1133 1424 nihil
1147 1385 1356 1424 amabilius

168 1451 294 1489 officio
315 1457 387 1490 tuo
409 1457 451 1490 et
471 1452 694 1503 diligentia.
742 1451 979 1490 Coniunctio
999 1457 1072 1490 tua
1090 1464 1183 1489 cum
1202 1450 1356 1502 collega

170 1516 461 1567 concordiaque
490 1522 638 1562 vestra,
667 1529 772 1567 quae
809 1516 954 1554 litteris
981 1516 1258 1554 communibus
1285 1515 1355 1553 de-

128 1585 148 1616 2
167 1580 319 1618 clarata
353 1586 428 1626 est,
461 1580 501 1619 S.
533 1580 578 1619 P.
609 1581 659 1628 Q.
689 1581 737 1619 R.
767 1583 996 1632 gratissima
1027 1580 1185 1619 accidit.
1235 1579 1355 1627 Quod

166 1651 364 1696 superest,
385 1658 525 1697 perge,
546 1647 602 1683 mi
621 1645 761 1691 Brute,
784 1651 827 1683 et
847 1648 928 1683 iam
948 1658 1030 1683 non
1049 1658 1141 1683 cum
1161 1644 1261 1689 aliis,
1281 1644 1354 1682 sed

165 1715 303 1748 tecum
328 1713 415 1760 ipse
440 1716 566 1748 certa.
618 1709 738 1747 Plura
762 1710 936 1748 scribere
961 1723 1043 1748 non
1068 1709 1212 1755 debeo,
1236 1721 1352 1759 prae-

164 1777 304 1813 sertim
339 1774 393 1813 ad
427 1780 485 1820 te,
520 1787 600 1826 quo
635 1777 828 1826 magistro
863 1774 1072 1812 brevitatis
1107 1776 1169 1811 uti
1203 1775 1350 1825 cogito.

218 1908 234 1923 ⁰
256 1903 330 1936 The
342 1902 459 1936 defeat
471 1903 511 1935 of
523 1903 669 1945 Antony
680 1906 717 1936 at
730 1902 861 1936 Forum
876 1901 1061 1936 Gallorum
1075 1912 1122 1935 on
1136 1901 1239 1944 April
1256 1901 1349 1941 15th.
1395 1887 1400 1937 Α,

170 1946 241 1978 and
258 1946 521 1988 subsequently.

164 1997 240 2036 468
