1448 2236
699 54 901 95 CICERO

723 209 873 260 ,xxvi

555 333 696 359 CICERO
714 333 746 360 S.
766 334 805 359 D.
824 333 1051 361 CORNIFICIO

614 424 760 463 Romae,
778 435 884 459 Ans-c·
903 428 983 458 711.

162 520 180 554 1
252 516 303 564 Q.
326 516 482 563 Turius,
507 520 575 568 qui
597 520 640 555 in
663 517 800 556 Africa
823 521 1055 570 negotiatus
1080 525 1156 564 est,
1180 521 1240 557 vir
1259 519 1388 558 bonus

202 586 244 618 et
259 581 465 627 honestus,
480 582 649 620 heredes
663 581 762 620 fecit
775 582 923 620 similes
937 585 1012 628 sui,
1026 582 1100 621 Cn.
1114 582 1387 628 Saturninum,

199 644 293 684 Sex.
319 646 539 692 Aufidium,
565 646 611 685 G.
635 647 854 692 Anneium,
879 646 930 695 Q.
956 647 1188 686 Considium
1212 646 1387 693 Gallum,

201 708 249 748 L.
276 709 486 748 Servilium
514 710 764 757 Postumum,
792 711 837 749 G.
865 711 1107 750 Rubellium.
1158 711 1223 749 Ex
1248 724 1387 750 eorum

199 777 380 813 oratione
396 775 593 822 intellexi,
608 779 831 828 gratiarum
847 778 1006 814 actione
1022 789 1091 815 eos
1106 778 1235 828 magis
1252 787 1387 828 egere,

199 851 322 889 quam
336 841 701 879 commendatione.
739 840 871 878 Tanta
884 842 992 878 enim
1001 839 1245 879 liberalitate
1259 853 1303 878 se
1314 845 1388 878 tua

200 916 290 941 usos
313 905 618 954 praedicabant,
642 911 689 944 ut
710 907 758 943 iis
781 905 871 955 plus
895 918 920 943 a
941 910 986 944 te
1008 905 1208 944 tributum
1230 903 1387 943 intelle-

199 981 353 1019 gerem,
397 982 520 1020 quam
565 982 642 1020 ego
684 975 728 1007 te
773 970 965 1007 auderem
1007 982 1163 1021 rogare.
1215 969 1387 1007 Audebo
1444 1015 1448 1018 ι

159 1036 181 1069 2
200 1038 353 1071 tamen.
406 1032 495 1072 Seio
534 1037 655 1079 enim,
693 1039 891 1085 quantum
928 1034 1116 1084 ponderis
1153 1046 1246 1072 mea
1281 1045 1387 1071 com-
1444 1042 1448 1053 ⁴

199 1097 407 1135 mendatio
428 1100 480 1136 sit
502 1098 702 1136 habitura.
756 1098 891 1146 Quare
914 1112 938 1136 a
958 1104 1002 1137 te
1022 1104 1134 1149 peto,
1155 1103 1202 1136 ut
1223 1097 1276 1136 ad
1296 1110 1387 1136 eam

199 1161 500 1208 liberalitatem,
531 1176 611 1214 qua
639 1165 725 1201 sine
754 1165 854 1201 meis
882 1162 1028 1201 litteris
1056 1175 1154 1204 usus
1179 1175 1237 1208 es,
1265 1174 1387 1214 quam
1445 1149 1448 1156 ¹

199 1229 398 1265 maximus
418 1227 479 1266 his
497 1227 642 1266 litteris
662 1227 844 1265 cumulus
863 1228 1044 1265 accedat.
1097 1226 1231 1277 Caput
1249 1232 1386 1264 autem

200 1296 264 1330 est
311 1304 428 1330 meae
477 1292 850 1337 commendationis,
900 1304 952 1330 ne
999 1293 1171 1342 patiare,
1219 1290 1386 1329 Erotem

198 1354 378 1401 Turium,
402 1356 452 1403 Q.
474 1356 570 1394 Turi
590 1356 796 1402 libertum,
818 1361 865 1394 ut
893 1355 1024 1394 adhuc
1051 1354 1162 1400 feeit,
1185 1355 1386 1393 heredita-

199 1424 286 1458 tem
316 1420 535 1458 Turianam
568 1427 765 1466 avertere,
797 1423 1024 1471 ceterisque
1057 1420 1240 1458 omnibus
1265 1419 1385 1457 rebus

199 1483 350 1523 habeas
381 1497 448 1523 eos
479 1498 504 1522 a
532 1498 599 1523 me
629 1485 1054 1523 commendatissimos.
1108 1483 1305 1535 Magnam
1333 1496 1385 1522 ex

201 1561 340 1587 eorum
367 1549 579 1599 splendore
608 1555 652 1587 et
679 1549 935 1587 observantia
960 1551 1094 1600 capies
1122 1547 1385 1599 voluptatem.

201 1613 321 1660 Quod
334 1619 382 1652 ut
395 1613 506 1659 velis,
520 1619 564 1652 te
578 1613 843 1652 vehementer
857 1616 982 1651 etiam
997 1619 1122 1664 atque
1136 1615 1261 1651 etiam
1274 1625 1385 1663 rogo,

250 1754 266 1770 ⁰
289 1750 354 1783 We
379 1749 487 1782 know
512 1749 663 1792 nothing
687 1760 784 1782 more
810 1749 850 1782 of
871 1749 1011 1788 Turius,
1038 1759 1078 1782 or
1103 1748 1143 1782 of
1165 1759 1238 1791 any
1263 1747 1304 1781 of
1325 1747 1385 1782 the

203 1793 321 1826 others
336 1793 538 1826 mentioned
553 1794 589 1825 in
605 1793 673 1826 this
689 1791 798 1825 letter.

249 1837 262 1856 ⁶
288 1835 355 1870 See
371 1840 453 1869 note
468 1836 487 1869 b
504 1839 541 1870 to
556 1836 616 1870 the
633 1839 716 1869 next
729 1835 840 1869 letter.

207 1985 284 2026 608
