1448 2236
660 56 663 58 ’
673 53 874 93 CICERO

178 167 261 192 non
282 154 514 193 defuissem.
569 155 643 193 Cui
667 162 807 194 tamen
830 157 927 202 dixi,
950 171 1042 196 eum
1065 171 1132 196 me
1154 157 1367 209 aliquoties

178 210 370 246 invitaret
388 222 397 246 t
434 215 458 231 “
473 209 555 247 Oro
574 215 632 255 te,
652 212 740 260 quis
766 215 814 247 tu
837 223 880 248 es
897 212 913 248 ?
929 210 952 224 ’'
1005 210 1087 250 Sed
1103 211 1366 256 mehercules,

180 267 296 299 extra
323 265 469 308 iocum,
497 263 617 301 homo
645 263 773 301 bellus
803 269 893 309 est;
934 264 1080 303 vellem
1108 278 1203 303 eum
1228 270 1366 303 tecum

139 322 159 353 3
177 315 428 354 abduxisses.
482 316 590 364 Quid
603 319 749 368 agatis,
764 323 808 355 et
820 318 966 368 ecquid
977 321 1020 355 in
1033 318 1194 356 Italiam
1207 321 1367 357 venturi

179 371 265 406 sitis
290 369 365 407 hac
388 369 537 415 hieme,
561 369 626 408 fac
649 370 770 421 plane
794 373 945 419 sciam„
982 371 1130 410 Balbus
1154 371 1253 411 mihi
1275 385 1367 410 con-

178 421 353 460 firmavit
390 429 434 460 te
473 423 641 461 divitem
677 423 883 462 futurum:
927 425 976 463 Id
1013 431 1150 463 utrum
1187 425 1367 463 Romano

178 489 290 513 more
316 476 474 514 locutus
501 480 567 522 sit,
594 478 700 515 bene
727 483 983 516 nummatum
1008 483 1052 517 te
1078 478 1274 524 futurum,
1300 491 1366 523 an,

179 530 380 579 quomodo
400 529 522 568 Stoici
543 531 696 576 dicunt,
715 543 839 569 omnes
863 544 942 569 esse
963 531 1106 577 divites,
1124 532 1190 584 qui
1215 531 1315 571 caelo
1333 536 1368 569 et

179 587 278 621 terra
291 582 384 634 frui
403 584 561 635 possint,
580 590 725 634 postea
742 585 892 623 videro.
946 585 1026 633 Qui
1050 588 1168 623 istinc
1186 587 1366 626 veniunt.

179 637 410 686 superbiam
450 643 566 689 tuam
605 643 810 684 accusant,
851 639 960 689 quod
1000 644 1154 690 negent
1194 644 1239 677 te
1277 651 1368 689 per-

179 691 437 728 contantibus
487 691 746 741 respondere.
824 691 905 730 Sed
954 697 1095 730 tamen
1145 697 1208 730 est
1258 691 1368 742 quod

178 743 371 794 gaudeas.
425 744 595 782 Constat
628 748 735 783 enim
766 747 872 783 inter
903 758 1056 791 omnes,
1087 748 1292 783 neminem
1323 750 1368 784 te

179 810 259 836 uno
278 796 581 836 Samarobrivae
599 801 694 837 iuris
712 801 946 849 peritiorem
965 812 1066 838 esse.

715 917 833 955 XVII

531 1016 670 1041 CICERO
696 1016 728 1041 s.
757 1017 795 1041 D.
822 1016 1018 1041 TREBATIO

594 1089 741 1128 Romae,
758 1101 864 1122 A.u.c.
883 1092 959 1122 ⁷00.

142 1172 159 1205 1
230 1165 294 1203 Ex
320 1168 399 1203 tuis
425 1165 571 1203 litteris
599 1171 641 1203 et
667 1165 820 1213 Quinto
845 1165 961 1206 fratri
985 1168 1136 1216 gratias
1163 1168 1229 1216 egi
1254 1171 1298 1203 et
1323 1170 1366 1202 te

180 1218 396 1269 aliquando
417 1219 643 1257 collaudare
663 1232 839 1269 possum,
862 1219 970 1270 quod
989 1222 1070 1257 iam
1090 1219 1235 1257 videris
1255 1223 1366 1256 certa

180 1272 316 1322 aliqua
330 1275 372 1309 in
388 1275 593 1310 sententia
609 1275 848 1310 constitisse.
902 1273 1007 1310 Nam
1020 1275 1241 1323 primorum
1254 1285 1366 1309 men-

179 1328 283 1363 sium
321 1325 466 1364 litteris
506 1329 584 1364 tuis
624 1326 888 1364 vehementer
925 1327 1219 1372 commovebar,
1258 1325 1365 1376 quod

179 1379 276 1417 mihi
312 1379 517 1417 interdum
553 1380 669 1430 (pace
705 1385 777 1417 tua
812 1379 998 1431 dixerim)
1034 1379 1131 1417 levis
1166 1382 1209 1416 in
1245 1379 1364 1417 Urbis

180 1434 502 1483 urbanitatisque
531 1433 743 1478 desiderio,
772 1433 977 1471 interdum
1003 1435 1133 1484 piger,
1161 1432 1364 1470 interdum

179 1487 343 1524 timidus
366 1489 409 1524 in
430 1487 566 1524 labore
590 1487 766 1532 militari,
789 1499 911 1536 saepe
933 1492 1073 1524 autem
1096 1489 1234 1532 etiam,
1256 1486 1364 1537 quod

229 1584 244 1600 ‘²
267 1581 335 1619 i-e.‚
352 1580 373 1594 ‘⁴
389 1580 466 1613 that
489 1591 560 1620 you
582 1580 697 1613 refuse
719 1584 755 1612 to
776 1582 856 1620 give
878 1591 900 1613 a
922 1580 1001 1613 civil
1022 1591 1158 1613 answer
1182 1583 1220 1612 to
1239 1590 1263 1612 a
1283 1579 1363 1612 civil

179 1623 377 1666 question‚''
393 1622 507 1656 which
522 1633 561 1656 as
578 1623 669 1655 Reid
684 1634 778 1666 says,
794 1635 866 1656 was
880 1623 1053 1666 regarded
1067 1624 1117 1665 by
1131 1624 1192 1656 the
1208 1624 1365 1657 Romans

179 1678 218 1700 as
231 1678 254 1699 a
266 1666 399 1708 typical
412 1670 470 1699 act
484 1667 525 1699 of
534 1666 712 1699 rudeness.
763 1667 834 1700 But
847 1668 1053 1709 respondere
1066 1667 1141 1699 also
1155 1677 1277 1700 means
1292 1667 1313 1680 “
1328 1670 1365 1699 to

178 1712 258 1753 give
278 1710 451 1743 counsel's
471 1709 654 1751 opinion,'’
676 1709 748 1742 and
769 1710 906 1753 implies
926 1711 1004 1743 that
1025 1710 1211 1743 Trebatius
1229 1709 1365 1743 treated

180 1754 234 1786 his
250 1753 372 1786 clients
390 1754 431 1786 de
446 1753 531 1785 haut
548 1763 590 1786 en
607 1753 677 1786 bas.

232 1798 245 1817 ⁶
270 1798 336 1831 See
352 1801 435 1830 note
449 1800 486 1830 to
503 1798 560 1829 vii.
582 1800 633 1829 ll.
650 1798 683 1828 2.

230 1845 243 1861 ⁰
267 1841 302 1874 It
313 1840 443 1874 should
458 1840 502 1872 be
515 1839 623 1872 noted
635 1839 715 1872 that
727 1839 798 1871 this
811 1838 913 1871 letter
925 1849 997 1871 was
1009 1839 1148 1872 written
1160 1839 1197 1871 in
1211 1837 1361 1876 October,

183 1883 256 1917 and
276 1884 337 1917 the
353 1884 543 1926 preceding]
559 1883 661 1915 letter
683 1883 718 1914 in
742 1881 943 1920 November,
960 1883 1004 1914 54
1019 1891 1098 1920 ια,
1114 1891 1155 1914 so
1170 1881 1250 1914 that
1272 1881 1362 1914 their

182 1927 285 1960 order
299 1926 427 1959 should
444 1926 489 1959 be
506 1925 679 1959 reversed.

186 1983 236 2017 50
