1448 2236
622 32 625 34 ’
659 60 862 100 cIGERo

167 169 290 202 state.
343 163 490 215 Itaque
511 165 655 204 eadem
678 166 867 216 superbia
884 167 927 203 in
945 167 1148 216 pravitate
1170 170 1358 203 utuntur.

169 235 350 283 Quorum
366 238 670 288 improbitatem
688 238 903 289 aliquando
919 238 1096 284 retundi,
1114 243 1158 276 et
1174 250 1256 275 non
1270 238 1358 287 pati

169 311 413 359 impunitate
444 313 597 361 augeri,
626 324 707 348 non
736 310 864 348 solum
893 310 994 349 utile
1023 315 1087 349 est
1114 308 1357 360 reipublicae

130 386 153 417 4
170 387 346 427 nostrae,
359 383 431 420 sed
444 386 569 421 etiam
582 386 865 422 necessarium.
917 382 983 422 De
995 389 1132 421 nostra
1144 382 1358 434 dignitate,

170 454 290 492 velim
305 455 379 493 tibi
395 461 442 493 ut
456 469 617 507 semper
630 469 751 494 curae
765 459 818 494 sit
833 462 889 502 et,
905 468 1159 507 quocumque
1173 460 1357 504 tempore

170 530 420 566 occasionem
440 528 641 574 habueris,
663 535 706 567 et
724 531 767 567 in
785 534 932 567 senatu
951 534 996 567 et
1012 531 1056 566 in
1074 529 1219 566 ceteris
1237 526 1358 564 rebus

169 598 279 637 laudi
296 606 458 638 nostrae
476 600 708 653 suffragere.
761 601 934 649 Quando
950 600 1177 639 consulibus
1194 599 1359 638 decreta

171 677 234 710 est
253 672 365 719 Asia,
386 679 429 711 et
447 677 687 724 permissum
708 680 771 712 est
789 676 850 720 iis,
870 679 930 720 ut,
949 674 1047 713 dum
1065 675 1141 724 ipsi
1160 673 1358 715 venirent,

170 744 316 783 darent
331 749 555 797 negotium,
572 749 642 797 qui
657 747 798 785 Asiam
813 747 1039 792 obtineant,
1054 759 1152 797 rogo
1167 750 1226 790 te,
1240 747 1358 794 petas

170 817 222 855 ab
238 819 299 863 iis,
317 823 364 856 ut
381 818 484 857 hanc
502 819 745 870 dignitatem
762 822 1015 870 potissimum
1031 819 1145 856 nobis
1162 817 1357 860 tribuant,

169 895 213 928 et
240 890 339 928 mihi
370 891 471 929 dent
507 894 730 943 negotium,
762 897 808 930 ut
839 892 980 930 Asiam
1012 891 1232 934 obtineam,
1259 887 1357 926 dum

168 964 345 1012 ipsorum
360 963 556 1002 alteruter
569 967 740 1002 venerit.
793 963 912 1010 Nam,
926 963 1035 1015 quod
1049 963 1126 1001 huc
1138 964 1356 1013 properent

168 1036 209 1071 in
231 1038 474 1087 magistratu
496 1039 633 1075 venire
656 1042 728 1075 aut
750 1039 974 1075 exercitum
994 1038 1173 1080 mittere,
1194 1045 1356 1072 causam

168 1120 249 1144 non
267 1107 435 1147 habent.
489 1108 702 1147 Dolabella
726 1112 834 1147 enim
852 1111 895 1147 in
912 1108 1028 1160 Syria
1047 1113 1134 1152 est3
1169 1111 1225 1152 et,
1243 1110 1291 1144 ut
1308 1110 1355 1142 tu

167 1180 302 1218 divina
321 1186 394 1219 tua
413 1187 553 1220 mente
573 1184 815 1232 prospexisti
836 1187 880 1220 et
898 1181 1154 1232 praedicasti,
1173 1179 1271 1218 dum
1289 1178 1356 1215 isti

167 1255 346 1299 venient,
374 1253 532 1292 Cassius
560 1267 654 1292 eum
680 1257 896 1305 opprimet.
948 1253 1143 1291 Exclusus
1171 1253 1278 1290 enim
1305 1250 1356 1287 ab

168 1325 385 1363 Antiochia
401 1326 614 1365 Dolabella
629 1333 673 1366 et
687 1329 730 1365 in
744 1326 1016 1378 oppugnando
1031 1325 1137 1363 male
1153 1329 1356 1374 acceptus,

168 1397 277 1435 nulla
315 1399 393 1436 alia
429 1400 599 1438 confisus
637 1401 750 1446 urbe,
784 1399 1040 1444 Laodiceam,
1078 1410 1183 1449 quae
1221 1401 1284 1434 est
1313 1397 1356 1433 in

168 1469 283 1521 Syria
305 1471 357 1509 ad
379 1485 504 1517 mare,
524 1485 567 1510 se
591 1472 775 1510 contulit.
830 1472 892 1510 Ibi
915 1484 1032 1522 spero
1054 1470 1240 1508 celeriter
1261 1481 1355 1506 eum

167 1555 318 1593 poenas
341 1543 559 1589 daturum;
595 1558 690 1582 nam
713 1558 861 1595 neque,
883 1558 963 1595 quo
987 1542 1181 1594 refugiat,
1202 1541 1355 1585 habet;

168 1628 301 1666 neque
336 1616 486 1654 diutius
518 1617 575 1654 ibi
607 1619 759 1667 poterit
792 1622 954 1654 tantum
989 1618 1212 1654 exercitum
1245 1612 1355 1650 Cassi

168 1691 380 1727 sustinere.
433 1688 558 1739 Spero
586 1691 710 1727 etiam
736 1687 966 1726 confectum
994 1700 1082 1726 esse
1107 1689 1189 1724 iam
1217 1690 1260 1723 et
1285 1697 1355 1735 op-

128 1765 150 1796 6
167 1773 350 1810 pressum
378 1760 646 1799 Dolabellam.
698 1760 834 1808 Quare
862 1773 943 1798 non
968 1765 1083 1810 puto,
1112 1758 1284 1796 Pansam
1311 1762 1355 1795 et

168 1831 346 1871 Hirtium
360 1836 403 1871 in
417 1834 627 1871 consulatu
640 1838 923 1884 properaturos
938 1835 979 1869 in
993 1833 1214 1883 provincias
1230 1832 1353 1875 exire,

168 1905 241 1943 sed
271 1905 422 1944 Romae
453 1912 611 1944 acturos
641 1905 906 1944 consulatum.
959 1904 1120 1956 Itaque,
1149 1905 1182 1941 si
1212 1903 1264 1940 ab
1291 1901 1353 1939 his

171 1990 248 2031 560
