1448 2236
701 61 902 102 CICERO

210 163 398 204 facillime
425 172 468 205 et
491 167 751 218 reipublicae,
775 180 881 219 quae
903 167 1003 206 mihi
1023 170 1228 206 carissima
1251 173 1328 214 est,
1351 173 1394 207 et

209 221 411 258 amicitiae
433 225 610 266 nostrae,
633 233 756 271 quam
777 224 1028 260 sanctissime
1050 222 1163 260 nobis
1184 222 1394 260 colendam

170 277 194 309 4
210 278 325 323 puto,
339 286 406 311 me
426 273 620 325 intellego
634 273 948 313 satisfacturum.
1001 275 1194 313 Furnium
1212 281 1394 314 nostrum

211 329 317 365 tanti
337 340 362 364 a
374 332 419 365 te
438 327 539 372 fieri,
553 333 752 378 quantum
770 331 893 380 ipsius
911 329 1142 367 humanitas
1157 334 1201 368 et
1217 329 1393 380 dignitas

207 380 402 430 postulat,
419 394 495 419 nec
510 384 632 420 miror
650 387 692 420 et
709 383 869 433 gaudeo
886 395 896 428 ;
927 388 1054 433 teque
1070 382 1146 421 hoc
1162 385 1393 421 existimare

207 433 312 479 volo,
337 435 535 485 quidquid
558 438 600 473 in
627 449 720 474 eum
745 436 866 474 iudici
889 436 1073 487 officique
1098 436 1328 482 contuleris,
1350 436 1393 474 id

206 489 265 526 ita
280 501 349 526 me
366 491 563 539 accipere,
581 495 628 527 ut
645 492 687 527 in
704 492 905 540 meipsum
922 496 966 528 te
983 496 1128 541 putem
1145 490 1375 529 contulisse.

779 638 821 676 II

611 736 750 762 CICERO
778 737 926 763 PLANCO
952 737 986 764 8.

617 811 764 850 Romae,
782 822 888 845 ΛΑΜ).
906 814 983 845 710.

169 900 185 934 l
260 895 403 935 Meum
418 897 597 935 studium
612 896 751 935 honori
770 903 842 935 tuo
856 910 929 947 pro
943 898 1242 936 necessitudine
1255 903 1393 936 nostra

203 964 284 989 non
312 949 524 995 defuisset,
551 953 584 988 si
614 956 686 988 aut
714 956 806 989 tuto
834 953 877 988 in
904 956 1093 989 senatum
1121 956 1193 990 aut
1220 950 1391 990 honeste

202 1006 341 1042 venire
366 1006 603 1054 potuissem.
655 1003 738 1042 Sed
763 1017 838 1042 nec
864 1006 950 1042 sine
975 1004 1153 1055 periculo
1180 1007 1391 1056 quisquam

202 1058 330 1096 libere
353 1058 404 1096 de
429 1057 636 1108 republica
657 1060 838 1096 sentiens
855 1061 1004 1096 versari
1021 1063 1160 1108 potest
1176 1061 1219 1096 in
1235 1072 1392 1097 summa

203 1113 448 1162 impunitate
467 1111 707 1162 gladiorum,
726 1125 801 1149 nec
821 1117 983 1150 nostrae
1002 1112 1213 1163 dignitatis
1231 1112 1392 1151 videtur

204 1179 292 1203 esse
317 1166 373 1203 ibi
399 1167 647 1203 sententiam
674 1165 726 1203 de
751 1165 959 1216 republica
984 1165 1134 1211 dicere,
1159 1165 1229 1204 ubi
1253 1178 1321 1204 me
1348 1171 1391 1204 et

202 1219 346 1256 melius
379 1224 422 1257 et
450 1222 613 1269 propius
645 1219 813 1257 audiant
839 1221 998 1264 armati,
1018 1232 1141 1270 quam
1170 1224 1389 1258 senatores.

164 1277 185 1309 2
203 1272 463 1323 Quapropter
486 1275 528 1310 in
550 1275 716 1323 privatis
740 1273 860 1310 rebus
885 1272 1039 1310 nullum
1062 1286 1197 1323 neque
1219 1287 1243 1311 o
1307 1275 1391 1310 ium

202 1340 336 1377 neque
367 1326 547 1364 studium
577 1339 715 1364 meum
746 1326 1022 1372 desiderabis3
1067 1340 1120 1364 ne
1149 1329 1192 1364 in
1221 1339 1278 1377 pu
1306 1326 1390 1364 licis

251 1476 266 1491 ⁰
291 1470 332 1503 C.
349 1471 501 1503 Furnius
516 1481 589 1503 was
604 1470 744 1503 tribune
760 1472 796 1503 in
812 1473 856 1503 50
873 1481 937 1504 n.c.
984 1470 1100 1503 When
1120 1470 1243 1504 Cicero
1257 1481 1330 1504 was
1354 1472 1391 1504 in

205 1514 338 1552 Cilicia,
353 1514 504 1546 Furnius
517 1513 718 1547 undet-took
730 1517 768 1546 to
781 1524 914 1556 oppose
925 1513 986 1547 the
998 1515 1178 1547 extension
1191 1513 1231 1547 of
1239 1513 1391 1547 Cicero’s

203 1561 326 1590 tenure
354 1557 394 1590 of
419 1557 519 1589 office
547 1556 689 1599 beyond
717 1557 778 1590 the
806 1567 902 1599 year,
930 1556 1003 1589 and
1031 1556 1088 1589 hel
1114 1556 1159 1590 ed
1187 1556 1326 1590 Caelius
1353 1560 1390 1590 to

204 1600 326 1633 obtain
352 1610 374 1632 a
401 1611 442 1632 su
466 1600 614 1642 plicatio
640 1599 695 1632 for
722 1600 807 1632 him.
857 1599 900 1632 In
925 1599 986 1633 the
1013 1599 1054 1633 Ci
1079 1601 1086 1608 '
1128 1599 1213 1634 war
1239 1599 1390 1633 Furnius

202 1643 332 1686 fought
359 1653 406 1676 on
465 1642 595 1676 aesar’s
624 1642 710 1675 side.
760 1642 802 1675 In
831 1645 876 1675 44
905 1642 950 1675 he
978 1653 1050 1675 was
1078 1653 1125 1675 on
1154 1642 1215 1675 the
1242 1642 1328 1675 staff
1353 1642 1394 1675 of

205 1686 367 1725 Plancus,
391 1685 463 1718 and
485 1685 684 1718 conducted
707 1687 942 1727 negotiations
964 1685 1121 1718 between
1145 1685 1296 1718 Plancus
1318 1685 1390 1718 and

204 1729 372 1772 Lepidus.
420 1729 477 1762 He
487 1728 608 1771 joined
623 1727 771 1770 Antony
785 1728 858 1760 and
874 1727 1030 1770 Lepidus
1045 1728 1147 1761 when
1163 1728 1314 1761 Plancus
1328 1728 1390 1761 did

204 1783 254 1811 so,
274 1772 347 1804 and
365 1771 555 1805 continued
575 1773 611 1805 in
630 1772 691 1804 the
708 1772 839 1804 service
857 1771 897 1804 of
913 1771 1060 1813 Antony
1078 1782 1102 1804 u
1146 1774 1184 1805 to
1202 1771 1263 1804 the
1280 1770 1390 1804 battle

204 1815 244 1848 of
258 1815 401 1848 Actium
419 1816 455 1848 in
471 1817 528 1853 31,
546 1815 611 1848 but
626 1825 698 1847 was
714 1813 919 1847 afterwards
936 1813 1094 1856 pardone
1136 1814 1186 1856 by
1202 1814 1388 1847 Octavian.

203 1858 355 1900 Though
376 1857 553 1900 promised
574 1858 634 1891 the
653 1857 867 1898 consulship,
889 1857 933 1890 he
954 1868 1059 1890 never
1079 1856 1160 1890 held
1180 1857 1259 1890 that
1277 1857 1387 1890 office.

205 1901 370 1934 Plutarch
396 1900 499 1942 (Ant.
525 1901 583 1941 58)
609 1902 724 1934 writes
748 1900 788 1933 of
809 1900 884 1933 him
908 1910 947 1933 as
971 1899 1079 1943 being
1105 1899 1126 1914 “
1140 1899 1201 1933 the
1225 1898 1390 1933 cleverest

202 1944 353 1987 speaker
368 1945 405 1977 in
423 1944 572 1977 Rome.''

207 2000 284 2040 294
