1448 2236
683 47 885 87 CICERO

189 153 370 201 cognovi.
425 150 571 202 Itaque
599 157 710 202 opto,
739 165 790 190 ne
819 165 862 190 se
890 151 958 190 illa
983 165 1084 204 gens
1112 158 1276 192 moveat
1302 152 1377 192 hoc

189 209 388 254 tempore,
411 204 508 242 dum
531 205 584 243 ad
606 211 649 243 te
671 205 850 256 legiones
874 219 953 253 eae
970 206 1255 257 perducantur,
1277 219 1378 258 quas

190 258 309 295 audio
336 258 441 296 duci.
494 258 614 305 Quod
639 261 671 296 si
698 272 815 309 pares
841 262 975 310 copias
1002 260 1055 298 ad
1080 259 1399 311 copfligendum2

189 324 271 348 non
290 311 470 357 habebis,
490 325 570 350 non
589 318 632 350 te
652 311 784 364 fugiet
802 315 863 351 uti
882 313 1044 352 consilio
1064 313 1125 351 M.
1143 313 1289 359 Bibuli,
1307 316 1377 364 qui

189 378 232 403 se
252 365 399 415 oppido
418 368 685 404 munitissimo
705 372 748 404 et
766 369 1035 417 copiosissimo
1053 367 1210 406 tamdiu
1227 369 1374 412 tenuit,

190 419 382 468 quamdiu
422 421 464 456 in
503 422 706 470 provincia
746 419 886 458 Parthi
925 419 1103 459 fuerunt.
1138 419 1236 459 *Sed
1275 420 1375 459 haec
1404 442 1406 444 >

189 472 331 510 melius
349 485 399 510 ex
415 486 459 510 re
477 478 520 511 et
536 486 587 511 ex
603 479 787 523 tempore
802 477 1038 512 constitues.
1092 473 1197 512 Mihi
1211 474 1374 525 quidem

189 538 317 576 usque
335 539 455 564 curae
475 529 565 571 erit,
584 527 681 577 quid
700 540 810 579 agas,
828 528 938 573 dum,
957 527 1056 578 quid
1074 530 1217 579 egeris,
1235 529 1374 566 sciero.

189 578 367 617 Litteras
385 580 437 617 ad
453 585 496 617 te
514 594 735 631 numquam
751 581 874 619 habui
890 583 954 619 cui
969 581 1123 626 darem,
1139 583 1237 631 quin
1252 581 1375 620 dede-

187 635 276 670 rim.
329 633 367 670 A
383 638 440 678 te,
457 638 504 671 ut
518 634 628 672 idem
643 633 779 680 facias,
795 640 892 684 peto
911 647 920 679 ;
950 637 992 671 in
1006 637 1239 686 primisque,
1254 640 1301 672 ut
1315 636 1375 672 ita

188 686 240 723 ad
259 691 349 724 tuos
367 687 528 733 scribas,
547 693 593 726 ut
609 701 676 726 me
693 694 809 726 tuum
827 691 956 726 sciant
973 701 1075 727 esse.

742 815 819 853 XX

583 914 722 941 CICERO
749 915 975 941 CORNIFICIO

601 981 748 1020 Romae,
764 992 870 1016 A.u.c.
889 984 965 1014 710.

240 1057 391 1096 Gratae
416 1058 514 1096 mihi
538 1064 634 1096 tuae
658 1058 834 1104 litterae,
859 1061 933 1097 nisi
958 1059 1066 1110 quod
1089 1058 1373 1097 Sinuessanum

188 1111 499 1149 deversoriolum
542 1115 833 1163 contempsisti.
899 1112 1032 1160 Quam
1104 1112 1240 1151 uidem
1281 1124 1373 1150 con-

187 1165 397 1202 tumeliam
434 1165 525 1202 villa
562 1165 705 1216 pusilla
740 1169 877 1216 iniquo
914 1168 1047 1204 animo
1096 1171 1198 1211 eret,
1229 1167 1304 1203 nisi
1319 1167 1373 1202 -in

188 1218 368 1256 Cumano
387 1225 430 1256 et
449 1218 693 1269 Pompeiano
710 1220 931 1258 reddideris
953 1219 1078 1257 πάντα
1098 1219 1184 1268 περὶ
1209 1218 1371 1256 πάντων.

187 1271 251 1309 Sic
284 1275 408 1324 igitur
441 1268 577 1318 facies,
611 1286 758 1323 meque
793 1274 945 1312 amabis
981 1279 1025 1311 et
1057 1275 1205 1324 scripto
1239 1271 1372 1322 aliquo

186 1325 370 1364 lacesses.
424 1326 512 1377 Ego
558 1329 666 1364 enim
710 1327 953 1378 respondere
998 1325 1152 1364 facilius
1195 1338 1372 1376 possum,

186 1391 309 1430 quam
326 1393 555 1429 provocare.
609 1379 727 1427 Quod
745 1383 791 1425 si,
809 1386 856 1418 ut
873 1393 929 1426 es,
947 1380 1134 1425 cessabis,
1149 1378 1343 1417 lacessam
1362 1391 1372 1416 z

186 1445 262 1469 nec
280 1438 352 1470 tua
374 1435 534 1483 ignavia
558 1436 682 1471 etiam
699 1433 816 1471 mihi1
834 1436 1022 1472 inertiam
1045 1431 1201 1471 afferet.
1254 1431 1373 1470 Plura

185 1488 349 1523 otiosus.
403 1485 528 1530 Haec,
548 1500 639 1524 cum
659 1500 789 1524 essem
806 1489 849 1524 in
866 1493 1026 1532 senatu,
1045 1488 1219 1525 exaravi.

559 1554 574 1574 ²
598 1553 728 1586 Added
744 1553 786 1592 by
806 1553 1003 1587 Lambinus.
1443 1598 1448 1601 -

180 1607 1372 1664 m
1440 1604 1448 1623 ²³

189 1666 326 1699 outside
347 1666 406 1698 the
425 1668 524 1708 gates
539 1664 595 1707 (of
606 1665 776 1706 Antioch)
790 1676 830 1698 as
849 1665 935 1708 long
953 1676 994 1699 as
1011 1666 1072 1699 the
1091 1677 1219 1708 enemy
1233 1676 1305 1699 was
1323 1675 1371 1698 on
1436 1695 1439 1697 .

190 1709 259 1741 this
282 1708 357 1742 side
379 1709 439 1741 the
461 1707 696 1750 Euphrates.''
743 1708 828 1741 This
843 1719 915 1741 was
930 1708 1032 1741 when
1050 1709 1167 1751 Syria,
1183 1708 1296 1742 under
1309 1708 1370 1742 the

189 1751 443 1794 governorship
462 1751 504 1784 of
523 1750 684 1790 Bibulus,
699 1750 771 1784 and
794 1750 928 1789 Cilicia,
944 1751 1058 1784 under
1077 1751 1156 1784 that
1177 1752 1220 1785 of
1236 1751 1369 1790 Cicero,

190 1805 279 1827 were
292 1793 497 1828 threatened
512 1793 563 1836 by
577 1804 622 1826 an
639 1795 797 1827 invasion
812 1794 855 1826 of
864 1793 924 1826 the
942 1793 1128 1828 Parthians
1142 1795 1179 1826 in
1196 1796 1313 1827 51-50.

235 1838 249 1857 ⁶
274 1836 354 1870 One
382 1836 422 1870 of
447 1836 507 1869 the
535 1846 725 1870 numerous
753 1836 879 1869 houses
907 1840 946 1870 at
972 1837 1087 1870 which
1115 1836 1238 1870 Cicero
1265 1834 1369 1870 could

189 1879 300 1954 ερεηξ
322 1880 381 1913 the
401 1879 504 1922 night
524 1890 570 1912 on
590 1879 644 1913 his
665 1890 743 1922 way
762 1879 855 1912 stom
876 1890 943 1913 one
963 1879 1003 1913 of
1019 1880 1075 1913 his
1093 1883 1195 1922 great
1212 1879 1313 1913 villas
1331 1882 1369 1913 to

189 1926 274 1955 anot
301 1934 348 1955 er.
1432 1939 1433 1942 ¹

192 1978 266 2012 588
