1448 2236
700 68 900 107 CICERO

206 182 287 207 cum
313 168 465 221 imperio
482 169 653 223 fuerunt,
679 185 773 224 quos
799 185 922 211 eorum
948 186 994 212 ex
1018 187 1051 212 s.
1077 188 1110 213 c.
1137 188 1218 214 cum
1244 174 1396 227 imperio
1436 180 1438 182 '

204 238 244 278 in
262 240 477 291 provincias
497 255 569 293 pro
589 247 762 294 praetore
787 243 881 281 mitti
903 249 1094 296 oporteret,
1120 257 1182 284 eos
1206 245 1332 284 sortito
1355 244 1395 283 in
1436 269 1438 271 ·

199 310 413 361 provincias
436 311 530 350 mitti
547 312 707 364 placere.
760 313 803 351 Si
825 327 870 352 ex
893 327 935 352 eo
958 328 1120 361 numero,
1144 328 1237 367 quos
1260 329 1305 354 ex
1328 329 1393 354 s.c.

203 379 243 418 in
274 381 488 432 provincias
523 382 578 421 ire
614 388 804 435 oporteret,
843 384 893 422 ad
928 398 1117 424 numerum
1152 399 1224 424 non
1262 390 1393 431 essent,

203 450 269 503 qui
293 451 332 489 in
357 466 422 490 eas
442 452 655 504 provincias
675 454 1006 506 proficiscerentur,
1033 461 1121 501 tum,
1147 455 1202 494 uti
1225 456 1394 508 quodque

209 521 401 573 collegium
415 522 578 575 primum
591 530 805 576 praetorum
813 524 973 576 fuisset,
991 539 1108 578 neque
1128 525 1167 564 in
1181 525 1394 578 provincias

198 591 363 644 profecti
389 598 520 640 essent,
543 593 596 632 ita
624 599 720 632 sorte
747 595 786 633 in
809 595 1039 647 provinciam
1062 596 1392 648 proficiscerentur.

203 661 246 700 Si
262 662 291 701 ii
309 663 360 702 ad
377 677 565 703 numerum
584 678 657 703 non
671 670 802 711 essent,
816 670 900 704 tunc
917 665 1087 718 deinceps
1095 666 1260 718 proximi
1271 666 1392 706 cuius-

200 746 272 786 que
298 734 440 786 collegi,
471 734 536 787 qui
559 740 750 787 praetores
770 735 949 788 fuissent,
972 750 1088 788 neque
1116 736 1155 775 in
1178 737 1392 790 provincias

195 803 359 856 profecti
377 810 509 851 essent,
531 805 570 844 in
591 811 723 844 sortem
742 806 1001 853 conicerentur,
1022 807 1148 859 quoad
1167 806 1202 846 is
1219 821 1392 846 numerus

199 873 349 926 effectus
384 880 490 921 esset,
527 889 633 927 quem
671 876 722 914 ad
755 890 944 915 numerum
980 876 1019 915 in
1050 877 1264 929 provincias
1298 877 1392 917 mitti
1428 915 1431 917 .

197 950 387 996 oporteret.
441 944 484 983 Si
515 946 601 997 quis
634 946 719 984 huic
751 960 783 985 s.
817 960 851 986 c.
885 946 1157 994 intercessisset,
1192 947 1389 987 auctoritas

192 1014 489 1067 perscriberetur.

248 1085 354 1124 Huic
386 1091 551 1124 senatus
584 1086 766 1125 consulto
798 1090 1027 1126 intercessit
1058 1087 1104 1127 C.
1137 1087 1309 1134 Caelius,
1341 1087 1386 1128 C.

157 1161 178 1194 9
199 1156 342 1202 Pansa,
375 1157 526 1194 tribuni
560 1156 703 1207 plebis.
758 1157 832 1195 Illa
864 1163 1079 1208 praeterea
1112 1157 1185 1197 Cn.
1221 1158 1387 1210 Pompei

196 1232 292 1265 sunt
308 1227 600 1272 animadversa,
618 1240 724 1278 quae
741 1230 918 1266 maxime
935 1228 1222 1267 confidentiam
1239 1228 1386 1267 attule-

195 1302 291 1335 runt
306 1296 548 1343 hominibus,
564 1302 611 1335 ut
626 1297 781 1335 diceret
796 1311 840 1335 se
856 1303 954 1336 ante
972 1298 1145 1338 Kalend.
1164 1298 1289 1338 Mart.
1305 1312 1386 1337 non
1430 1347 1431 1350 Ἰ

194 1380 313 1418 posse
328 1370 414 1405 sine
428 1369 572 1405 iniuria
586 1367 637 1406 de
650 1370 862 1418 provinciis
883 1367 1063 1407 Caesaris
1083 1374 1279 1414 statuere,
1292 1374 1385 1420 post

197 1437 288 1475 Kal.
304 1437 429 1476 Mart.
445 1450 488 1476 se
503 1451 584 1476 non
598 1438 893 1477 dubitaturum.
933 1438 1036 1477 Cum
1050 1441 1384 1490 interrogaretur,
1432 1459 1435 1466 v

194 1510 227 1546 si
256 1510 324 1558 qui
353 1513 442 1546 tum
470 1508 785 1553 intercederent,
814 1509 918 1547 dixit
945 1508 1021 1547 hoc
1048 1508 1147 1547 nihil
1174 1511 1383 1555 interesse,
1430 1534 1432 1540 ›

194 1583 331 1615 utrum
357 1577 402 1615 C.
431 1577 579 1616 Caesar
604 1581 764 1616 senatui
790 1578 921 1636 djctQ
924 1578 1092 1631 audiens
1102 1578 1278 1635 *futurus
1302 1592 1382 1617 non
1435 1607 1438 1614 .

187 1648 330 1705 esset}
348 1661 402 1685 an
433 1654 596 1698 pararet
629 1651 698 1699 qui
731 1654 918 1686 senatum
951 1646 1169 1687 decernere
1201 1663 1282 1688 non
1311 1662 1382 1700 pa·
1433 1700 1435 1702 v

191 1722 364 1758 teretur.
418 1717 527 1765 Quid
541 1720 587 1763 si,
603 1720 735 1768 inquit
751 1718 864 1764 alius,
881 1724 925 1757 et
939 1718 1077 1757 consul
1093 1732 1194 1765 esse,
1211 1724 1254 1758 et
1269 1732 1382 1757 exer-
1435 1729 1448 1775 ἶζῖ

192 1791 319 1826 eitum
329 1788 482 1827 habere
496 1787 629 1826 volet?
662 1788 721 1826 At
732 1787 812 1834 ille,
825 1801 948 1839 quam
960 1788 1198 1827 clementer!
1229 1789 1337 1837 Quid
1347 1792 1380 1827 si

193 1858 295 1896 filius
307 1871 421 1896 meus
434 1843 585 1896 fustem
596 1857 694 1895 mihi
704 1859 929 1909 impingere
946 1858 1054 1897 volet
1067 1859 1083 1897 ?
1118 1858 1192 1897 His
1203 1860 1379 1906 vocibus,
1433 1880 1435 1882 r

192 1934 239 1967 ut
263 1931 543 1967 existimarent
561 1927 758 1974 homines,
776 1927 969 1979 Pompeio
987 1942 1080 1968 cum
1098 1928 1271 1968 Caesare
1291 1943 1377 1968 esse

203 2012 277 2045 140
