1448 2236
695 49 897 89 CICERO

198 151 426 190 consulibus
445 154 613 198 amissis,
633 158 676 191 et
692 152 946 191 incredibiles
964 155 1176 205 angustiae
1193 155 1389 204 pecuniae

197 217 397 268 publicae,
413 230 518 268 quae
533 219 781 268 conquiritur
795 218 989 269 undique,
1002 223 1050 256 ut
1068 220 1222 268 optime
1235 220 1388 256 meritis

198 281 391 319 militibus
409 284 604 332 promissa
621 281 828 320 solvantur
845 295 855 327 ;
888 282 997 333 quod
1014 282 1180 333 quidem
1198 282 1286 320 fieri
1302 284 1389 320 sine

159 352 180 383 5
198 346 352 384 tributo
372 359 490 397 posse
512 359 594 385 non
614 347 798 384 arbitror.
852 346 916 385 De
938 347 1055 385 Attio
1077 346 1271 398 Dionysio
1290 346 1389 384 nihil

197 417 298 461 puto
327 424 429 456 esse,
452 413 643 462 quoniam
671 411 770 449 mihi
797 411 895 449 nihil
923 411 1027 450 dixit
1052 411 1270 454 Tratorius,
1323 410 1388 450 De

199 475 244 513 P.
268 475 441 514 Lucceio
464 475 563 513 nihil
589 476 665 514 tibi
690 476 881 521 concedo,
905 489 986 527 quo
1012 476 1226 514 studiosior
1250 481 1298 514 tu
1323 478 1390 521 sis,

199 553 322 591 quam
342 553 419 592 ego
439 553 540 578 sum.
594 540 669 578 Est
690 543 798 578 enim
817 541 930 578 nobis
950 543 1208 578 necessarius.
1261 539 1342 579 Sed
1366 553 1391 578 a

197 607 402 656 magistris
427 618 518 643 cum
543 605 832 644 contenderem
857 606 908 644 de
932 604 1174 656 proferendo
1198 605 1278 650 die,
1301 617 1391 655 pro-

198 670 398 708 baverunt
421 669 519 707 mihi
543 683 645 715 sese,
671 683 750 721 quo
774 672 906 708 minus
931 670 973 708 id
996 669 1193 716 facerent,
1218 675 1262 708 et
1284 682 1390 708 com-

199 737 393 785 promisso
410 740 454 773 et
468 735 725 773 iureiurando
741 734 941 785 impediri.
995 733 1131 782 Quare
1147 733 1390 773 veniendum

200 799 371 837 arbitror
403 798 590 837 Lucceio,
643 799 915 850 Quamquam,
947 801 981 837 si
1010 801 1112 836 meis
1143 797 1289 837 litteris
1319 798 1390 836 ob-

200 866 459 914 temperavit,
490 876 582 901 cum
612 869 659 901 tu
691 863 791 901 haec
820 863 946 915 leges,
976 862 1088 901 illum
1119 862 1272 901 Romae
1302 875 1390 901 esse

162 933 183 965 6
201 928 418 978 oportebit.
472 927 628 965 Ceteris
644 928 696 966 de
711 928 846 973 rebus,
861 930 1121 978 maximeque
1137 927 1189 966 de
1204 929 1389 978 pecunia,

200 1006 292 1030 cum
321 991 476 1030 Pansae
504 997 678 1031 mortem
706 994 925 1044 ignorares,
954 993 1171 1042 scripsisti,
1187 1003 1292 1043 quae
1317 1003 1390 1042 per

201 1071 273 1095 nos
303 1057 354 1095 ab
383 1070 431 1095 eo
459 1059 650 1108 consequi
678 1062 721 1095 te
748 1069 867 1107 posse
896 1056 1150 1094 arbitrarere.
1203 1054 1319 1103 Quae
1346 1060 1390 1093 te

201 1135 282 1160 non
303 1120 555 1166 fefellissent,
577 1124 610 1159 si
634 1124 815 1166 viveret3
851 1134 946 1159 nam
967 1126 1011 1159 te
1033 1120 1241 1172 diligebat.
1294 1119 1391 1158 Post

201 1192 375 1225 mortem
394 1191 533 1224 autem
552 1189 637 1224 eius
656 1186 754 1237 quid
771 1185 857 1223 fieri
874 1191 1026 1236 posset,
1043 1197 1125 1223 non
1142 1180 1389 1222 videbamus.

163 1257 182 1288 7
202 1251 267 1289 De
300 1250 510 1296 Venuleio,
541 1250 701 1295 Latino,
732 1249 916 1295 Horatio,
950 1249 1066 1287 valde
1098 1248 1232 1287 laudo.
1286 1247 1390 1286 Illud

201 1329 283 1354 non
321 1318 489 1353 nimium
527 1315 667 1365 probo,
707 1314 816 1366 quod
854 1315 1004 1360 scribis,
1043 1326 1124 1365 quo
1161 1312 1217 1350 illi
1257 1315 1389 1350 animo

202 1383 392 1431 aequiore
424 1379 593 1425 ferrent,
624 1385 667 1417 te
695 1382 775 1417 tuis
805 1382 930 1417 etiam
957 1378 1102 1430 legatis
1129 1377 1289 1416 lictores
1321 1377 1389 1415 ad-

252 1586 269 1602 ·
292 1581 360 1616 See
375 1584 458 1615 note
474 1581 493 1615 b
508 1591 555 1614 on
570 1582 629 1613 xii.
646 1582 702 1613 24.
719 1583 752 1613 3.

255 1624 268 1645 ⁶
293 1625 360 1658 See
376 1628 459 1658 note
474 1636 492 1658 c
508 1634 555 1657 on
570 1625 628 1657 xii.
645 1625 702 1656 23.
723 1627 751 1655 1.

255 1672 268 1689 ⁶
293 1668 360 1702 See
375 1671 458 1701 note
472 1667 490 1700 b
508 1678 555 1700 on
569 1668 629 1700 xii.
645 1669 724 1700 251³.
741 1669 774 1699 6.
1111 1701 1114 1702 ⁷

252 1710 268 1731 ⁴²
291 1712 326 1745 A
340 1711 624 1753 compromissum
638 1720 711 1743 was
724 1720 772 1742 an
787 1712 992 1751 agreement
1002 1709 1160 1742 between
1173 1710 1244 1742 two
1258 1709 1388 1751 parties

205 1757 243 1787 to
260 1754 349 1787 refer
366 1754 426 1787 the
444 1757 570 1786 matter
588 1754 624 1786 in
641 1752 782 1795 dispute
797 1755 835 1785 to
851 1763 899 1784 an
915 1752 1058 1790 arbiter,
1075 1750 1148 1784 and
1163 1754 1201 1785 to
1217 1750 1323 1784 abide
1338 1751 1387 1793 by

205 1797 259 1830 his
275 1797 430 1830 decision
445 1796 566 1838 (Long
581 1807 627 1829 on
650 1795 747 1829 Verr.
764 1796 799 1828 ii.
813 1797 856 1828 27
871 1798 888 1833 fi
902 1789 973 1836 665.
1022 1795 1056 1827 It
1070 1793 1188 1827 would
1202 1804 1297 1827 seem
1311 1794 1389 1827 that
1447 1787 1448 1805 ³

207 1840 378 1873 Lucceius
395 1839 467 1872 had
486 1838 591 1872 made
606 1839 693 1872 such
710 1849 758 1871 an
774 1841 989 1880 agreement,
1007 1837 1074 1871 but
1089 1837 1168 1871 that
1183 1837 1243 1870 the
1258 1836 1390 1870 arbiter
1447 1837 1448 1840 ’

205 1883 277 1916 had
295 1882 443 1916 decided
461 1884 603 1925 against
620 1892 693 1924 any
710 1884 1006 1924 postponementr.
1039 1881 1086 1915 he
1102 1880 1187 1919 had,
1204 1879 1387 1917 therefore,

204 1929 242 1960 to
257 1936 391 1968 appear
407 1937 454 1960 on
470 1926 530 1959 the
544 1925 739 1968 appointed
754 1924 837 1967 day.

207 1976 284 2016 620
