1448 2236
688 65 889 104 CICERO

192 173 373 211 tenuisse
396 183 647 221 suspensam,
668 169 760 208 huic
779 172 890 220 prius
912 169 1187 208 excusandum
1207 183 1275 209 me
1293 184 1381 209 esse
1407 185 1410 187 ·

194 253 379 298 arbitror,
409 265 532 303 quam
562 251 614 290 de
642 253 874 302 insequenti
903 250 1030 290 officio
1060 251 1282 302 quidquam
1312 251 1380 290 ulli
1427 247 1429 275 3

193 334 479 386 pollicendum.
533 333 625 372 Non
651 335 759 371 enim
783 335 1049 383 praeteritam
1073 333 1233 383 culpam
1256 333 1382 372 videri

194 416 283 455 volo
315 415 550 461 redemisse,
579 415 652 453 sed
684 417 863 465 optimae
895 417 1043 453 mentis
1075 416 1255 465 cogitata
1284 417 1382 453 iam-

154 504 175 536 2
192 498 351 549 pridem
363 502 525 536 maturo
538 502 724 547 tempore
741 498 965 534 enuntiare.
1017 495 1109 534 Non
1122 509 1189 534 me
1202 502 1381 546 praeter-

194 580 283 618 ibat
295 581 338 618 in
350 584 470 618 tanta
484 578 751 616 sollicitudine
765 577 974 615 hominum
989 582 1032 616 et
1044 582 1131 616 tam
1144 577 1382 628 perturbato

193 666 307 700 statu
348 661 523 698 civitatis
564 658 922 697 fructuosissimam
965 671 1053 697 esse
1093 657 1381 709 professionem

191 743 324 782 bonae
346 741 566 780 voluntatis
588 753 840 792 magnosque
866 739 1036 779 honores
1065 753 1116 778 ex
1140 753 1190 778 ea
1210 753 1254 778 re
1275 753 1382 778 com-

192 824 329 876 plures
347 827 585 861 consecutos
605 821 806 859 videbam.
859 820 941 859 Sed
959 834 1052 859 cum
1070 823 1112 858 in
1133 834 1226 859 eum
1244 833 1382 860 casum
1422 835 1426 858 ·.

191 918 260 943 me
290 903 456 943 fortuna
485 890 728 948 demisisset,
760 908 807 941 ut
839 908 910 940 aut
941 901 1129 940 celeriter
1157 901 1381 952 pollicendo

192 999 343 1037 magna
367 985 466 1022 mihi
491 987 578 1035 ipse
604 984 656 1022 ad
680 983 972 1035 proficiendum
996 983 1290 1034 impedimenta
1312 996 1382 1035 op-

191 1080 402 1120 ponerem,
425 1072 510 1111 aut,
533 1068 566 1104 si
587 1068 629 1103 in
652 1078 700 1104 eo
722 1065 821 1102 mihi
843 1067 1190 1115 temperavissem,
1211 1067 1382 1104 maiores
1416 1059 1419 1063 ’

194 1151 422 1188 occasiones
446 1147 499 1186 ad
521 1146 802 1198 opitulandum
825 1145 1032 1191 haberem,
1055 1145 1284 1196 expeditius
1303 1148 1384 1184 iter

194 1232 416 1270 communis
433 1228 588 1274 salutis,
605 1241 728 1279 quam
744 1240 862 1265 meae
877 1227 1006 1265 laudis
1024 1240 1112 1265 esse
1127 1226 1246 1266 volui.
1277 1226 1383 1266 Nam

195 1314 284 1364 quis
301 1314 343 1349 in
362 1324 411 1348 ea
427 1309 604 1356 fortuna,
622 1322 728 1360 quae
744 1321 838 1346 mea
855 1313 932 1354 est,
950 1313 993 1346 et
1011 1308 1062 1346 ab
1081 1321 1130 1346 ea
1146 1310 1243 1353 vita,
1260 1321 1382 1362 quam

195 1397 236 1432 in
260 1406 327 1431 me
351 1393 557 1443 cognitam
581 1390 809 1429 hominibus
833 1389 1018 1435 arbitror,
1043 1395 1086 1427 et
1109 1402 1201 1427 cum
1225 1402 1275 1427 ea
1296 1402 1383 1440 spe,

194 1487 318 1526 quam
330 1476 373 1511 in
386 1473 572 1511 manibus
587 1471 733 1516 habeo,
748 1476 820 1508 aut
838 1470 1044 1508 sordidum
1063 1469 1284 1520 quidquam
1296 1472 1383 1521 pati

154 1561 175 1594 3
194 1561 267 1594 aut
285 1555 556 1606 perniciosum
577 1555 859 1602 concupiscere
880 1556 1018 1602 potest
1035 1551 1051 1589 ?
1104 1549 1186 1589 Sed
1207 1550 1386 1602 aliquan-

194 1643 283 1676 tum
319 1636 435 1674 nobis
470 1636 666 1684 temporis
704 1639 748 1671 et
783 1635 921 1684 magni
957 1632 1114 1670 labores
1152 1636 1197 1670 et
1230 1631 1385 1669 multae

194 1721 404 1769 impensae
419 1729 518 1767 opus
534 1714 714 1759 fuerunt,
730 1719 791 1758 ut,
807 1726 913 1764 quae
926 1711 1174 1763 reipublicae
1187 1712 1385 1762 bonisque

195 1799 381 1837 omnibus
400 1797 693 1849 polliceremur,
714 1797 826 1833 exitu
845 1799 1158 1845 praestaremus,
1178 1805 1312 1843 neque
1334 1792 1387 1831 ad

198 1880 392 1918 auxilium
412 1880 570 1930 patriae
593 1877 691 1916 nudi
711 1889 804 1915 cum
826 1876 932 1914 bona
955 1874 1180 1919 voluntate,
1200 1872 1274 1912 sed
1293 1885 1384 1911 cum

203 2003 279 2038 314
