1430 2242
661 37 861 76 CICERO

172 135 345 175 τεύεσθαι
373 152 454 176 non
481 141 701 190 oportere?
755 141 892 188 Quare
910 143 942 180 si
960 141 1081 192 plane
1104 155 1128 179 a
1150 142 1264 180 nobis
1283 142 1352 180 de·
1415 124 1430 184 «l

170 198 265 245 ficis,
285 199 456 238 moleste
473 200 585 247 fer03
621 204 683 240 sin
707 202 863 241 Pansae
885 206 1081 242 assentari
1098 204 1352 242 commodum

170 266 246 306 est,
274 264 449 313 ignosco.
505 263 630 302 Modo
658 265 787 302 scribe
819 264 1034 316 aliquando
1061 265 1115 304 ad
1141 279 1228 311 nos,
1256 266 1353 316 quid

168 336 279 374 agas,
300 330 342 362 et
360 338 385 362 a
403 325 516 363 nobis
536 326 634 377 quid
652 326 738 364 fieri
754 332 828 365 aut
845 329 974 365 curari
992 326 1102 366 velis.

709 476 814 514 XIII

480 594 527 621 M.
555 595 694 621 CICERO
721 596 752 621 S.
780 596 820 622 D.
847 595 1046 622 TREBATIO

581 689 728 729 Romae,
745 700 851 723 A.u.c.
869 692 888 723 ’ἵ
891 692 947 723 01.

129 780 146 813 1
217 773 387 812 Adeone
427 786 495 812 me
534 777 728 812 iniustum
771 787 857 813 esse
900 777 1153 821 existimasti,
1193 780 1241 813 ut
1279 775 1354 813 tibi

166 836 372 882 irascerer,
411 835 520 887 quod
558 849 702 887 parum
741 837 838 875 mihi
878 842 1065 876 constans
1106 842 1149 875 et
1187 840 1354 875 nimium

165 898 334 948 cupidus
358 897 583 936 decedendi
608 898 803 944 viderere,
828 899 880 937 ob
906 911 1078 950 eamque
1102 912 1266 937 causam
1287 911 1354 936 me

165 959 407 998 arbitrarere
427 959 584 998 litteras
604 961 657 999 ad
676 966 719 998 te
739 959 891 999 iamdiu
909 974 991 999 non
1009 963 1164 999 misisse
1181 961 1197 999 ?
1252 959 1355 999 Mihi

164 1023 418 1073 perturbatio
459 1025 582 1060 animi
623 1025 699 1068 tui,
739 1036 862 1074 quam
902 1025 1039 1074 primis
1079 1022 1226 1061 litteris
1265 1035 1355 1073 per-

165 1085 398 1135 spiciebam,
427 1084 655 1123 molestiam
683 1084 836 1123 attulit.
890 1084 1034 1136 Neque
1062 1084 1141 1123 alia
1168 1084 1250 1122 ulla
1275 1083 1354 1122 fuit

165 1160 285 1186 causa
301 1149 605 1185 intermissionis
624 1147 898 1197 epistolarum,
914 1149 991 1185 nisi
1007 1147 1130 1199 quod,
1146 1147 1216 1184 ubi
1233 1159 1353 1192 esses,

163 1209 285 1260 plane
311 1209 555 1247 nesciebam.
609 1209 686 1247 Hic
713 1215 760 1247 tu
787 1222 854 1247 me
883 1211 1007 1247 etiam
1034 1211 1252 1254 insimulas,
1277 1221 1353 1246 nec

165 1271 484 1309 satisfactionem
536 1284 670 1309 meam
715 1272 891 1321 accipis?
948 1271 1070 1316 Audi,
1115 1271 1240 1309 Testa
1283 1273 1351 1308 mi.

167 1333 316 1372 Utrum
349 1334 625 1384 superbiorem
657 1339 701 1371 te
734 1335 906 1384 pecunia
937 1332 1049 1379 facit,
1083 1346 1136 1370 an
1169 1333 1278 1383 quod
1308 1338 1352 1370 te

164 1399 383 1446 imperator
421 1395 624 1434 consulit?
681 1395 846 1441 Moriar,
883 1397 938 1441 ni,
977 1407 1082 1446 quae
1119 1400 1192 1432 tua
1227 1394 1352 1446 gloria

165 1464 241 1504 est,
262 1463 363 1509 puto
386 1463 429 1495 te
451 1457 571 1495 malle
593 1471 618 1495 a
640 1457 812 1495 Caesare
834 1456 999 1503 consuli,
1022 1470 1145 1508 quam
1165 1459 1351 1495 inaurari.

163 1520 205 1559 Si
228 1533 322 1558 vero
346 1525 564 1570 utrumque
590 1525 666 1565 est,
689 1522 777 1570 quis
800 1525 844 1558 te
866 1518 974 1557 feret
994 1523 1158 1570 praeter
1180 1530 1261 1564 me,
1283 1520 1352 1569 qui

126 1589 145 1620 2
164 1585 298 1620 omnia
326 1581 432 1619 ferre
460 1583 655 1632 possum?
710 1582 804 1627 Sed,
832 1587 880 1619 ut
907 1581 961 1620 ad
987 1594 1074 1619 rem
1101 1579 1280 1626 redeam,
1307 1585 1350 1618 te

164 1648 254 1684 istic
279 1647 451 1682 invitum
478 1657 559 1682 non
587 1656 675 1682 esse
702 1644 966 1683 vehementer
992 1643 1180 1695 gaudeo;
1222 1647 1279 1688 et,
1304 1634 1351 1681 ut

165 1707 262 1745 illud
282 1712 371 1744 erat
389 1705 619 1751 molestum,
639 1708 695 1743 sic
714 1705 790 1744 hoc
810 1711 874 1744 est
891 1705 1123 1744 iucundum.
1175 1704 1351 1742 Tantum

215 1823 229 1838 ‘²
254 1819 309 1851 i.e.
325 1818 346 1832 ‘¹
362 1816 564 1851 enriched.'‘
615 1816 673 1859 Cf.
689 1815 828 1849 Shakes
857 1827 948 1854 care,
964 1815 1146 1848 Mer-cham
1157 1814 1202 1858 ⁰f
1217 1815 1350 1853 Venice,

169 1873 209 1895 11.
224 1863 270 1894 vi.
286 1864 349 1894 50:
374 1861 396 1875 ‘⁶
414 1860 430 1894 Ι
445 1860 516 1893 will
530 1859 636 1893 make
658 1859 729 1893 fast
742 1859 803 1892 the
843 1869 933 1897 oors,
948 1858 1020 1892 and
1035 1857 1110 1901 gild
1125 1858 1256 1900 myself
1266 1858 1349 1891 with

168 1915 266 1938 some
281 1915 377 1937 more
392 1903 554 1936 ducats.”

171 1962 221 1995 42
