1448 2236
697 51 898 92 CICERO

200 152 361 191 Paullus
390 167 434 192 se
464 157 626 193 omnino
654 158 698 193 in
725 155 831 195 hunc
861 170 1011 196 annum
1038 172 1121 197 non
1150 159 1389 199 edicturum.

160 211 180 243 2
199 206 494 246 Renuntiatum
523 209 637 247 nobis
668 216 757 248 erat
787 210 951 249 Hirrum
980 212 1131 251 diutius
1161 213 1388 260 dicturum3

197 261 431 311 prendimus
461 275 582 308 eum;
610 276 692 301 non
719 265 839 302 modo
866 278 948 303 non
974 265 1086 312 fecit,
1114 267 1200 313 sed,
1223 281 1315 306 cum
1337 268 1388 306 de

198 314 338 352 hostiis
379 322 583 366 ageretur,
625 322 668 354 et
707 324 846 368 posset
890 332 977 357 rem
1017 320 1228 370 impedire,
1268 324 1302 359 si
1342 327 1388 360 ut

197 375 508 407 numerarentur
545 370 785 420 postularet,
827 375 968 411 tacuit.
1024 373 1202 412 Tantum
1244 373 1409 413 Catoni'

196 435 382 460 assensus
421 429 497 469 est,
535 426 603 474 qui
651 425 703 462 de
749 431 793 463 te
838 425 994 465 locutus
1040 427 1270 474 honorifice,
1307 442 1387 467 non

196 475 382 514 decrerat
418 477 744 528 supplicationes.
796 479 956 518 Tertius
994 481 1046 519 ad
1081 481 1153 519 hos
1190 482 1387 520 Favonius

197 533 379 568 accessit.
433 531 570 578 Quare
606 545 679 582 pro
715 535 909 584 cuiusque
946 540 1092 572 natura
1130 540 1173 573 et
1200 538 1387 574 instituto
1432 556 1435 557 ⁷

197 587 354 634 gratiae
373 591 468 622 sunt
487 586 672 636 agendae
690 599 700 631 ;
732 586 807 632 his,
827 588 935 638 quod
954 594 1117 626 tantum
1134 588 1387 628 voluntatem

198 638 465 676 ostenderunt
494 652 566 689 pro
600 643 819 686 sententia,
856 654 947 679 cum
979 642 1177 692 impedire
1207 649 1387 694 possent,

197 705 278 729 non
314 698 573 742 pugnarunt3
620 693 782 732 Curioni
819 708 927 740 vero,
969 696 1078 746 quod
1124 696 1177 734 de
1226 710 1388 735 suarum

197 747 402 783 actionum
423 759 540 784 cursu
561 752 633 784 tua
653 760 773 785 causa
793 748 974 787 deflexit.
1028 749 1133 787 Nam
1154 750 1324 789 Furnius
1345 757 1388 789 et

198 798 411 845 Lentulus,
435 806 482 838 ut
506 800 749 846 debuerunt,
770 804 883 852 quasi
905 802 1060 840 eorum1
1078 816 1142 841 res
1162 809 1284 849 esset,
1307 817 1388 842 una
1434 802 1436 846 s

196 853 406 891 nobiscum
425 856 709 892 circumierunt
730 860 773 892 et
792 855 1038 894 laborarunt.
1092 856 1207 895 Balbi
1227 870 1388 908 quoque

197 905 357 944 Corneli
373 920 539 957 operam
556 913 599 946 et
615 907 877 947 sedulitatem
892 909 1058 948 laudare
1074 923 1250 961 possum.
1283 911 1388 949 Nam

196 974 289 999 cum
305 959 478 998 Curione
493 961 759 1000 vehementer
772 962 930 1001 locutus
948 969 1023 1009 est,
1041 969 1084 1002 et
1101 977 1207 1010 eum,
1223 967 1256 1002 si
1271 964 1389 1003 aliter

195 1013 373 1060 fecisset,
397 1017 583 1052 iniuriam
608 1015 769 1053 Caesari
793 1015 997 1054 facturum
1020 1017 1151 1056 dixit:
1190 1024 1279 1056 tum
1304 1021 1388 1057 eius

196 1067 318 1106 fidem
349 1070 391 1106 in
421 1071 688 1119 suspicionem
719 1069 901 1108 adduxit.
955 1070 1180 1110 Deci-erant
1212 1072 1388 1123 quidem,
1434 1078 1437 1087 ¹

197 1121 349 1173 neque2
367 1125 535 1174 transigi
562 1122 752 1161 volebant
776 1124 959 1170 Domitii,
979 1123 1183 1175 Scipiones
1201 1138 1211 1171 ς
1243 1126 1387 1176 quibus

197 1175 272 1214 hac
286 1189 330 1214 re
348 1176 399 1214 ad
414 1179 744 1215 intercessionem
761 1178 1007 1216 evocandam
1022 1178 1387 1229 interpellantibus,

197 1232 477 1268 venustissime
514 1229 634 1268 Curio
669 1231 878 1281 respondit
914 1244 958 1270 se
996 1244 1044 1270 eo
1079 1231 1270 1271 libentius
1307 1246 1387 1271 non

245 1315 258 1335 1
286 1315 343 1348 We
358 1316 484 1349 should
499 1316 583 1349 have
599 1317 756 1358 expected
772 1326 849 1355 sua,
866 1317 925 1350 but
939 1327 993 1350 see
1006 1321 1085 1350 ‘note
1104 1321 1134 1357 l,
1145 1329 1185 1361 p.
1208 1320 1282 1351 150,

200 1357 438 1445 ἱῃῖᾳέἒίλειὶῖω,
476 1370 591 1401 neque
621 1359 800 1393 Lehmann
830 1361 902 1393 and
936 1360 1105 1403 Madviyz
1137 1361 1293 1404 quidem,
1324 1364 1386 1405 qui

245 1515 260 1530 ⁴¹
283 1511 380 1543 Thus
414 1510 596 1553 definitely
630 1511 806 1554 implying
840 1512 931 1546 their
963 1513 1220 1555 proclamation
1254 1515 1290 1547 in
1324 1513 1384 1548 the

196 1554 326 1593 future,
343 1555 458 1587 which
477 1555 668 1588 Marcellus
683 1555 745 1587 did
762 1559 824 1588 not
840 1555 963 1598 imply.

244 1598 256 1618 ¹²
281 1598 349 1636 i.e.‚
368 1597 388 1610 “
405 1597 654 1631 button-holed
670 1597 690 1612 ’³
708 1598 794 1631 him.
1442 1633 1448 1646 Ι

245 1646 257 1661 ⁰
279 1640 332 1674 To
355 1640 400 1674 be
422 1640 603 1674 sacrificed
625 1645 663 1674 at
685 1641 746 1674 the
767 1641 1006 1683 supplicatim
1032 1641 1088 1684 for
1109 1642 1247 1685 though
1269 1645 1296 1677 it
1310 1655 1381 1677 was
1442 1650 1448 1662 ⁶

197 1687 260 1718 not
281 1687 319 1717 to
341 1683 386 1717 be
400 1685 505 1726 given
522 1684 591 1717 this
607 1695 703 1725 year,
720 1684 780 1717 the
795 1685 1049 1726 preliminaries
1065 1686 1180 1728 might
1195 1686 1239 1719 be
1256 1687 1381 1721 settled

197 1739 288 1765 nOW‚
305 1738 344 1760 so
360 1727 438 1760 that
453 1727 501 1760 all
517 1727 632 1768 might
647 1727 692 1760 be
709 1727 819 1769 ready
835 1728 937 1760 when
953 1728 1013 1761 the
1028 1730 1114 1762 time
1129 1739 1240 1762 came.
1440 1732 1448 1775 ξ

243 1771 258 1791 ¹¹
281 1770 349 1804 See
364 1773 447 1804 note
463 1781 510 1803 on
526 1771 597 1803 viii.
616 1771 647 1802 9.
661 1772 694 1803 5.
731 1770 807 1803 The
822 1770 920 1803 three
932 1781 1022 1804 were
1038 1771 1178 1811 Hirrus,
1193 1771 1294 1811 Cato,
1310 1773 1383 1806 and
1442 1780 1448 1818 ⁴3

195 1813 387 1847 Favonius.

242 1862 255 1876 ⁶
278 1857 311 1889 A
328 1856 469 1889 tribune
485 1856 525 1889 of
537 1856 597 1889 the
613 1855 712 1898 plebs
729 1855 879 1889 devoted
895 1859 932 1889 to
949 1855 1082 1890 Cicero.
1240 1872 1259 1876 Ἀ

240 1900 255 1922 ¹
276 1899 380 1932 Than
395 1900 446 1942 by
460 1901 604 1942 coming
619 1903 656 1932 to
671 1909 694 1932 a
708 1901 953 1941 compromise.
1443 1911 1448 1948 ς

241 1946 255 1965 ⁰
280 1943 332 1975 As
357 1954 379 1975 a
403 1942 518 1975 friend
544 1943 585 1975 of
607 1942 728 1976 Cicero
751 1941 927 1985 (Tyrrell).
976 1942 1046 1976 But
1071 1954 1168 1978 more
1192 1945 1378 1990 probably,
1444 1958 1448 1987 ζ

202 1993 276 2033 156
