1448 2236
657 81 858 122 CICERO

169 184 378 232 delectari,
413 192 555 225 tamen
589 187 924 225 considerandum
960 187 1074 226 nobis
1112 187 1351 232 existimavi,

172 242 330 278 etiamsi
349 245 396 278 tu
416 239 515 278 nihil
533 241 773 291 postulares,
794 246 991 291 quantum
1011 241 1085 279 tibi
1105 254 1130 278 a
1147 239 1352 292 republica

170 293 403 331 deberetur.
454 293 517 331 Tu
538 299 731 332 contexes
754 299 937 332 extrema
956 307 1049 332 cum
1069 296 1219 344 primis.
1271 293 1352 340 Qui

171 349 278 383 enim
299 346 359 383 M.
379 347 602 384 Antonium
622 350 879 397 oppresserit,
898 350 932 386 is
948 347 1100 385 bellum
1119 346 1351 385 confecerit.

171 399 318 450 Itaque
355 399 554 438 Homerus
589 413 670 438 non
705 401 886 446 Aiacem,
920 413 996 439 nec
1030 399 1244 446 Achillem,
1278 399 1352 438 sed

172 451 336 491 Ulixem
353 453 573 503 appellavit
587 452 865 503 πτολίπορθον.

713 585 811 623 XIV

575 684 714 709 CICERO
742 684 890 711 PLANCO
915 683 949 711 S·

582 758 731 796 Romae.
748 769 854 791 A.u.c.
872 761 950 791 711.

136 838 153 871 1
223 832 261 871 Ο
289 839 450 884 gratam
477 832 629 871 famam
657 834 779 872 biduo
808 838 904 871 ante
932 835 1153 878 victoriam,
1181 831 1234 871 de
1261 831 1354 870 sub-

172 886 272 924 sidio
289 893 376 932 tuo,
393 887 445 924 de
462 887 609 932 studio,
626 887 678 925 de
694 887 919 932 celeritate,
936 887 988 925 de
1003 889 1126 937 copiis
1144 886 1153 925 l
1205 884 1353 936 Atqui¹

172 942 297 977 etiam
323 940 505 978 hostibus
529 939 626 978 fusis
652 953 744 990 spes
769 942 897 978 omnis
922 942 962 977 in
987 945 1032 978 te
1059 945 1134 978 est.
1186 939 1354 989 Fugisse

171 996 279 1031 enim
305 1006 354 1031 ex
379 993 530 1043 proelio
557 993 782 1031 Mutinensi
805 993 993 1031 dicuntur
1015 995 1211 1031 notissimi
1233 992 1354 1030 latro-

172 1059 269 1083 num
291 1046 427 1084 duces.
479 1047 554 1084 Est
576 1052 715 1084 autem
734 1060 816 1084 non
836 1049 966 1084 minus
987 1052 1149 1097 gratum
1170 1050 1355 1083 extrema

131 1103 153 1135 2
171 1099 308 1137 delere
338 1112 460 1150 quam
488 1102 618 1150 prima
645 1099 863 1150 depellere.
915 1099 1116 1151 Equidem
1145 1103 1354 1148 exspecta-

170 1153 264 1190 bam
286 1155 367 1190 iam
389 1158 481 1191 tuas
503 1153 675 1199 litteras,
691 1153 814 1203 idque
838 1166 929 1192 cum
955 1152 1106 1198 multis,
1124 1151 1354 1202 sperabam-

171 1218 252 1256 que
275 1209 399 1244 etiam
423 1206 637 1256 Lepidum,
658 1207 908 1257 temporibus
930 1206 1196 1250 admonitum,
1216 1210 1353 1243 tecum

171 1264 214 1297 et
246 1272 338 1297 cum
368 1259 575 1310 republica
607 1272 695 1298 esse
726 1259 941 1298 factunm.
1006 1258 1055 1297 In
1090 1258 1198 1297 illam
1229 1259 1354 1308 igitur

168 1325 306 1350 curam
332 1314 535 1358 incumbe,
554 1315 609 1350 mi
630 1312 790 1358 Plance,
809 1318 856 1350 ut
881 1326 934 1350 ne
962 1325 1043 1363 qua
1068 1311 1240 1350 scintilla
1266 1316 1353 1349 tae-

168 1367 323 1403 terrimi
370 1366 465 1404 belli
510 1366 773 1417 relinquatur.
844 1365 964 1413 Quod
999 1368 1032 1403 si
1071 1367 1148 1403 erit
1183 1363 1351 1409 factum,

168 1424 213 1456 et
247 1419 536 1469 rempublicam
567 1420 702 1458 divino
735 1419 931 1458 beneficio
964 1418 1157 1464 affeceris,
1189 1423 1234 1456 et
1264 1419 1352 1468 ipse

170 1477 380 1510 aeternam
399 1472 567 1523 gloriam
584 1485 844 1523 consequere.
897 1472 950 1510 D.
969 1483 1032 1510 111.
1049 1471 1154 1511 Non.
1174 1470 1274 1509 Mai.

357 1541 370 1560 ¹
397 1541 584 1574 Manutius
599 1541 672 1575 and
692 1541 913 1582 Wesenberq:
943 1543 1051 1583 atque
1066 1540 1162 1582 vuly.

217 1613 321 1652 ⁰,Or
340 1624 379 1647 as
399 1613 436 1648 S.
456 1613 504 1647 H.
524 1614 585 1656 JeJ
585 1625 632 1647 es
651 1614 793 1647 render-s
811 1614 892 1652 it‚“
907 1625 998 1656 your
1015 1613 1085 1647 end
1103 1612 1195 1647 shall
1210 1612 1257 1646 be
1273 1611 1317 1654 of
1329 1622 1352 1644 a

165 1658 261 1699 piene
277 1657 360 1690 with
377 1657 437 1690 the
451 1657 670 1700 beginning.’

224 1698 237 1718 ¹²
260 1699 364 1732 Since
380 1698 452 1742 Uly
453 1710 524 1733 sses
539 1699 659 1742 hythe
674 1709 753 1732 ruse
768 1699 809 1732 of
819 1699 879 1732 the
890 1699 1020 1742 Trojan
1035 1698 1149 1732 Horse
1159 1696 1348 1731 succeeded

173 1741 288 1774 where
302 1742 349 1784 Aj
352 1753 397 1775 ax
411 1711 482 1775 and
497 1711 651 1775 Achilles
666 1742 737 1775 had
751 1741 868 1775 failed.

220 1785 422 1839 According
451 1788 489 1819 to
519 1796 584 1818 our
608 1788 682 1818 text
707 1786 748 1818 of
775 1784 836 1818 the
865 1784 974 1822 Iliad,
999 1782 1154 1817 Achilles
1182 1784 1212 1816 is
1236 1780 1348 1815 called

173 1840 235 1859 πτο
220 1830 268 1859 ολί
259 1841 314 1859 ιοπ
314 1831 386 1869 ρθος
407 1829 488 1861 four
509 1829 631 1866 ῒὶηιεες
669 1827 734 1861 but
762 1827 823 1860 the
853 1826 940 1860 later
970 1826 1128 1860 Romans
1152 1835 1284 1876 appear
1311 1827 1349 1857 to

175 1870 264 1903 have
288 1870 451 1904 followed
487 1871 546 1904 the
582 1874 655 1903 text
688 1871 729 1903 of
759 1869 994 1907 Aristarchus,
1023 1869 1104 1902 who
1132 1879 1180 1911 reJ
1182 1867 1281 1901 acted
1308 1878 1347 1899 as

172 1923 339 1989 spulrffius
370 1913 431 1947 the
467 1913 553 1947 lines
582 1914 619 1947 in
647 1912 761 1947 which
797 1912 876 1946 that
909 1912 1042 1956 epithet
1076 1913 1106 1946 is
1134 1880 1276 1954 applied
1308 1912 1348 1943 ‘bo

209 1966 229 1988 c
292 1966 329 1990 ω

173 2010 248 2045 338
