1448 2236
675 48 876 88 CICERO

181 153 353 197 bassem,
386 158 474 190 tum
506 155 682 190 maxime
714 155 757 190 in
788 156 868 191 tuis
900 154 1020 192 rebus
1052 168 1251 194 summam
1283 159 1367 196 eius

180 222 317 267 fidem,
364 222 630 273 diligentiam,
675 223 1016 274 prudentiamque
1069 227 1250 276 cognovi.
1302 226 1368 266 Da

179 305 358 342 operam,
391 298 438 330 ut
469 292 616 330 valeas.
670 291 758 330 Hoc
790 293 888 330 mihi
919 296 1073 344 gratius
1105 293 1239 333 facere
1271 297 1367 334 nihil

179 369 310 412 potes.

707 458 844 495 XXIV

491 573 536 598 M.
555 573 592 598 T.
612 574 646 598 C.
665 573 696 598 S.
716 574 754 598 P.
773 574 812 599 D.
832 574 1057 609 CORNIFICIO

596 664 743 704 Romae,
760 676 866 697 ΛΑΜ).
885 668 962 698 711.

142 757 159 788 l
231 751 319 801 Ego
342 750 495 787 nullum
517 749 650 787 locum
670 753 955 800 praetermitto
978 750 1069 802 (nec
1092 754 1199 789 enim
1222 753 1368 804 debeo)

180 834 260 858 non
277 820 397 858 modo
413 819 604 857 laudandi
622 822 696 865 tui,
715 820 787 857 sed
804 833 855 858 ne
874 821 1041 859 ornandi
1059 822 1236 872 quidem.
1289 821 1371 862 Sed

179 904 271 929 mea
300 890 435 928 studia
463 903 561 941 erga
589 895 632 928 te
663 895 706 927 et
734 890 861 928 officia
888 890 995 928 malo
1023 891 1099 929 tibi
1127 905 1179 929 ex
1208 897 1370 930 tuorum

178 961 338 1006 litteris,
359 973 482 1011 quam
503 973 554 997 ex
573 962 687 1005 meis,
710 973 796 997 esse
817 965 928 998 nota.
980 960 1038 998 Te
1059 967 1199 999 tamen
1219 962 1369 1007 hortor,

179 1037 227 1069 ut
259 1033 367 1068 omni
396 1044 491 1068 cura
520 1032 561 1067 in
593 1029 883 1081 rempublicam
913 1031 1134 1069 incumbas.
1187 1031 1276 1070 Hoc
1307 1038 1370 1070 est

180 1103 316 1146 animi,
335 1101 410 1138 hoc
430 1106 492 1138 est
510 1102 648 1151 ingeni
666 1103 741 1145 tui,
760 1100 834 1138 hoc
854 1102 939 1138 eius
958 1103 1058 1150 spei,
1077 1113 1200 1151 quam
1218 1101 1369 1139 habere

141 1177 162 1208 2
180 1171 319 1216 debes,
335 1170 640 1221 amplificandae
660 1170 869 1221 dignitatis
889 1176 1000 1208 tuae.
1053 1169 1134 1209 Sed
1153 1171 1228 1209 hac
1250 1171 1302 1209 de
1325 1184 1370 1209 re

180 1241 277 1279 alias
301 1241 353 1279 ad
375 1246 418 1278 te
441 1240 633 1290 pluribus.
687 1239 789 1277 Cum
814 1243 921 1278 enim
943 1240 1045 1278 haec
1068 1241 1305 1287 scribebam,
1328 1244 1370 1278 in
1433 1287 1435 1290 y

181 1313 486 1362 exspectatione
524 1316 641 1348 erant
677 1313 824 1347 omnia.
892 1309 1082 1348 Nondum
1118 1310 1245 1362 legati
1281 1311 1370 1349 red-

179 1384 325 1426 ierant,
340 1394 439 1431 quos
456 1386 620 1418 senatus
639 1393 720 1418 non
740 1380 792 1418 ad
809 1393 953 1430 pacem
972 1380 1283 1431 deprecandam,
1298 1381 1370 1419 sed

181 1452 234 1489 ad
269 1450 592 1489 denuntiandum
628 1449 780 1488 bellum
816 1452 994 1495 miserat,
1032 1452 1107 1487 nisi
1142 1450 1370 1502 legatorum

180 1523 323 1559 nuntio
355 1522 568 1571 paruisset.
621 1519 710 1570 Ego
743 1525 896 1565 tamen,
931 1525 978 1558 ut
1009 1522 1184 1570 primum
1217 1522 1370 1558 occasio

180 1592 278 1630 data
305 1596 382 1635 est,
408 1603 501 1628 meo
527 1592 695 1640 pristino
722 1602 834 1627 more
860 1589 1150 1640 rempublicam
1177 1588 1370 1639 defendi3

181 1674 247 1699 me
273 1663 496 1711 principem
520 1661 679 1698 senatui
705 1658 934 1709 populoque
961 1658 1143 1696 Romano
1167 1658 1370 1709 professus
1438 1664 1448 1719 3

181 1745 283 1776 sum,
298 1744 373 1768 nec
387 1736 531 1781 postea
545 1742 667 1780 quam
681 1731 838 1778 suscepi
851 1741 1013 1766 causam
1027 1728 1240 1774 libertatis,
1255 1731 1372 1766 mini-
1434 1722 1448 1767 ,ἔ

234 1847 249 1862 ⁰
274 1843 341 1880 i.e.,
364 1842 523 1883 Antony.
572 1840 641 1873 For
670 1840 730 1873 the
762 1841 928 1872 situation
962 1850 1018 1872 see
1049 1839 1110 1872 the
1142 1839 1163 1853 “
1179 1839 1371 1882 Summary
1416 1873 1419 1875 ,

187 1885 227 1918 of
249 1886 307 1917 the
334 1884 512 1926 Cisalpine
537 1883 738 1925 Campaign
753 1882 774 1897 ‘⁹
799 1886 838 1915 at
861 1883 921 1915 the
946 1882 1141 1924 beginning
1166 1882 1207 1915 of
1229 1882 1298 1915 Bk.
1323 1883 1369 1916 X.

188 1929 223 1962 It
238 1939 308 1961 was
325 1938 371 1960 on
386 1928 456 1960 this
472 1927 637 1968 embassy
653 1926 731 1959 that
746 1925 888 1959 Servius
904 1924 1081 1967 Sulpicius
1096 1924 1190 1958 died.
1437 1926 1448 2020 ’1

191 1983 265 2022 598

1437 2071 1448 2132 ἐ
