1448 2236
671 63 873 103 CICERO

177 169 353 213 cidisset,
365 180 649 218 cognoscerem
665 180 787 218 quam
801 170 978 218 primum*
991 173 1035 206 et
1048 181 1117 208 vos
1131 169 1184 207 de
1198 172 1308 207 omni
1319 183 1364 208 re

138 227 159 259 2
177 221 353 260 facerem
369 224 573 259 certiores.
627 221 797 259 Interim
812 234 904 259 cum
919 234 993 272 per
1005 221 1154 260 insulas
1169 224 1212 260 in
1225 222 1364 262 Asiam

177 278 384 326 naviganti
412 275 510 312 mihi
537 277 770 320 nuntiatum
799 280 907 312 esset
933 274 1101 313 classem
1129 275 1364 315 Dolabellae

176 332 218 366 in
238 328 363 380 Lycia
383 341 470 366 esse
490 327 747 378 Rhodiosque
766 341 888 366 naves
907 328 1131 378 complures
1149 332 1364 368 instructas

178 388 221 420 et
241 388 403 432 paratas
423 384 465 419 in
485 395 591 432 aqua
611 382 774 426 habere,
795 395 886 419 cum
906 384 953 419 iis
973 383 1154 428 navibus,
1174 396 1274 434 quas
1294 390 1365 422 aut

176 449 335 473 mecum
364 435 613 473 adduxeram
641 441 712 473 aut
739 442 1042 485 comparaverat
1069 435 1249 474 Patiscus
1275 450 1365 487 pro-

177 495 381 540 quaestor,
410 489 529 526 homo
558 488 657 526 mihi
685 502 776 526 cum
805 488 1093 534 familiaritate,
1122 495 1211 527 tum
1240 493 1363 529 etiam

176 544 358 581 sensibus
371 545 413 579 in
426 542 632 592 republica
644 545 1003 588 coniunctissimus,
1017 542 1203 581 Rhodum
1216 547 1363 582 reverti

176 596 347 634 confisus
375 599 618 633 auctoritate
645 602 779 633 vestra
804 602 1050 647 senatusque
1069 596 1265 642 consulto,
1284 610 1364 648 quo

176 650 334 688 hostem
353 649 606 687 Dolabellam
623 650 866 694 iudicaratis,
882 648 1047 687 foedere
1064 650 1239 701 quoque,
1256 651 1363 701 quod

175 717 266 741 cum
295 703 369 748 his,
399 702 459 740 M.
489 702 696 747 Marcello,
724 702 809 740 Ser.
836 702 1009 753 Sulpicio
1036 703 1277 750 consulibus,
1302 717 1364 743 re·

175 762 367 795 novatum
385 762 474 794 erat
491 768 501 801 ;
532 769 612 806 quo
627 759 858 794 iuraverant
874 756 1032 802 Rhodii,
1049 757 1212 795 eosdem
1227 757 1362 796 hostes

174 824 218 848 se
243 811 464 854 habituros,
489 822 587 859 quos
611 808 652 847 S.
677 809 722 847 P.
747 809 797 856 Q.
822 809 871 847 R.
923 809 1039 857 Quae
1062 823 1126 848 res
1149 824 1221 848 nos
1244 811 1364 850 vehe-

174 869 335 901 menter
372 862 530 900 fefellit.
583 862 759 900 Tantum
797 865 905 900 enim
943 861 1087 908 abfuit,
1124 869 1171 902 ut
1206 863 1362 902 illorum

174 917 374 968 praesidio
406 922 585 954 nostram
616 916 864 954 firmaremus
895 915 1077 962 classem,
1107 922 1155 955 ut
1185 919 1310 956 etiam
1339 932 1364 956 a

175 970 340 1008 Rhodiis
362 970 475 1014 urbe,
495 975 630 1020 portu,
650 972 840 1015 statione,
862 983 967 1020 quae
989 975 1105 1008 extra
1125 971 1266 1009 urbem
1287 977 1363 1017 est,

175 1029 420 1068 commeatu,
447 1036 553 1074 aqua
578 1023 754 1074 denique
779 1023 1089 1073 prohiberentur
1114 1026 1239 1063 nostri
1263 1024 1363 1063 mili-

175 1084 253 1122 tes,
275 1090 347 1115 nos
369 1079 435 1114 vix
457 1079 532 1126 ipsi
554 1076 718 1128 singulis
740 1090 832 1114 cum
854 1076 1060 1128 navigiolis
1080 1079 1362 1128 reciperemur.

175 1131 310 1178 Quam
349 1131 636 1181 indignitatem
676 1130 1076 1181 deminutionemque
1116 1144 1197 1169 non
1235 1131 1362 1170 solum

174 1187 269 1222 iuris
299 1187 438 1228 nostri,
467 1184 540 1221 sed
569 1186 693 1221 etiam
722 1186 946 1222 maiestatis
974 1186 1198 1235 imperique
1225 1185 1362 1235 populi

175 1237 347 1276 Romani
386 1237 532 1275 idcirco
573 1237 752 1282 tulimus,
794 1237 903 1288 quod
942 1239 1178 1288 interceptis
1217 1237 1361 1277 litteris

174 1303 453 1342 cognoramus,
492 1289 760 1335 Dolabellam,
798 1293 831 1329 si
868 1290 1123 1341 desperasset
1160 1291 1212 1329 de
1248 1290 1363 1343 Syria

175 1345 464 1395 Aegyptoque,
491 1344 600 1395 quod
625 1356 790 1382 necesse
817 1349 906 1382 erat
931 1343 1030 1389 fieri,
1054 1347 1098 1382 in
1122 1357 1245 1383 naves
1269 1358 1362 1383 cum

175 1398 360 1435 omnibus
395 1400 476 1435 suis
509 1397 731 1435 latronibus
766 1402 890 1448 atque
924 1400 1034 1435 omni
1066 1399 1238 1448 pecunia
1270 1411 1363 1436 con-

175 1451 367 1489 scendere
398 1463 486 1488 esse
514 1456 703 1501 paratum
733 1450 975 1502 Italiamque
1003 1456 1175 1501 petere;
1216 1451 1362 1490 idcirco

176 1507 301 1542 etiam
315 1516 438 1541 naves
453 1506 669 1549 onerarias,
684 1517 854 1555 quarum
869 1506 998 1542 minor
1011 1504 1121 1542 nulla
1135 1510 1224 1543 erat
1237 1505 1362 1543 duum

174 1557 330 1595 milium
348 1557 600 1607 amphoram,
619 1563 847 1595 contractas
871 1560 914 1595 in
939 1557 1064 1608 Lycia
1083 1571 1107 1596 a
1125 1557 1251 1596 classe
1276 1561 1361 1597 eius

225 1688 241 1704 ⁰
264 1685 333 1722 i.e.‚
354 1683 509 1726 through
530 1683 590 1716 the
610 1683 756 1726 Aegean
777 1683 868 1722 isles,
888 1695 929 1716 as
949 1683 1106 1726 opposed
1126 1687 1164 1717 to
1183 1684 1244 1717 the
1263 1688 1362 1719 route

178 1738 295 1761 across
312 1727 372 1760 the
388 1726 607 1768 Hellespont.

227 1770 241 1789 ¹>
265 1770 322 1803 He
338 1771 366 1802 it
382 1781 454 1802 was
470 1770 550 1802 who
566 1773 645 1803 sent
661 1769 828 1811 panthers
844 1772 881 1802 to
899 1769 1038 1802 Caelius
1055 1768 1142 1811 (viii.
1159 1772 1192 1802 9.
1209 1770 1258 1811 3).
1306 1770 1362 1804 He

178 1824 250 1845 was
267 1823 347 1845 now
363 1814 504 1855 serving
519 1823 559 1845 as
575 1814 742 1846 assistant
756 1815 987 1854 proquaestor
1003 1815 1040 1845 to
1057 1812 1239 1845 Lentulus.

225 1860 237 1875 ⁰
262 1857 317 1889 222.
347 1857 384 1888 in
401 1858 442 1888 51
463 1866 527 1888 mc.

225 1897 240 1917 ‘¹
265 1880 334 1938 22⁶5,
356 1899 468 1931 about
493 1900 537 1931 60
563 1897 603 1930 of
626 1908 690 1930 our
711 1900 802 1930 tons.
850 1897 925 1930 The
946 1897 1114 1940 amphora
1135 1907 1174 1930 as
1199 1908 1223 1930 a
1248 1896 1360 1940 liquid

180 1941 498 1977 measure=about
514 1943 533 1975 ⁷
549 1940 590 1977 of
601 1951 667 1977 our
681 1939 830 1984 ganons.

179 1991 255 2031 568
