1448 2236
703 53 905 93 CICERO

207 157 359 205 paravi,
375 158 443 207 qui
463 158 519 194 sic
538 159 673 194 omnia
686 163 1013 208 persequeretur,
1028 164 1075 196 ut
1089 172 1243 204 verear,
1254 172 1308 197 110
1322 159 1396 197 tibi
1445 159 1448 185 ἓ

209 210 378 247 nimium
410 215 557 261 arguta
593 209 694 249 haec
731 211 924 250 sedulitas
956 212 1155 252 videatur.
1218 213 1397 251 Tametsi
1446 258 1448 263 Ι

208 267 255 300 tu
283 265 364 300 scio
392 276 516 314 quam
543 266 596 302 sis
623 267 814 311 curiosus,
844 271 888 303 et
920 278 1043 316 quam
1071 267 1255 305 omnibus
1282 279 1397 317 pere·
1442 271 1448 311 ἐ

208 317 462 366 grinantibus
490 323 654 369 gratum
682 321 748 364 sit,
775 321 1032 358 minimarum
1059 332 1221 371 quoque
1247 333 1397 366 rerum,
1443 316 1448 372 1

208 383 313 420 quae
336 370 444 408 domi
466 378 674 422 gerantur,
697 372 783 410 fieri
805 375 1009 419 certiores,
1031 378 1172 412 tamen
1193 377 1234 411 in
1255 373 1331 412 1100
1353 379 1397 412 te
1446 375 1448 394 ³

207 423 414 474 deprecor,
448 438 501 463 ne
534 439 672 463 meum
705 426 780 464 1100
812 426 984 465 officium
1016 430 1272 478 arrogantiae
1305 440 1397 465 con·
1439 466 1443 468 ,

207 477 390 524 demnes,
404 478 513 529 quod
525 478 631 517 hunc
644 479 824 518 laborem
837 480 955 518 alteri
967 480 1180 532 delegavi;
1206 494 1287 519 non
1300 483 1398 532 quin

207 530 306 569 mihi
326 535 604 571 suavissimum
625 536 690 579 sit,
713 539 756 572 et
776 540 972 585 occupato
993 539 1037 573 et
1056 535 1110 573 ad
1128 534 1285 573 litteras
1306 537 1397 572 scri-

206 584 375 631 bendas,
400 592 447 624 ut
470 592 517 625 tu
540 590 660 633 nosti,
683 590 914 638 pigerrimo,
937 593 1035 626 tuae
1058 591 1276 626 memoriae
1300 588 1396 626 dare

208 651 387 689 operam,
414 640 487 678 sed
513 643 644 691 ipsum
672 641 873 687 volumen,
901 642 1010 692 quod
1035 642 1111 680 tibi
1136 644 1240 687 misi,
1266 640 1397 687 facile,

208 698 256 731 ut
277 706 352 744 ego
373 694 558 740 arbitror,
578 707 645 732 me
667 701 846 734 excusat.
900 695 1045 734 Nescio
1065 698 1176 734 cuius
1197 697 1255 734 oti
1277 699 1397 740 esset,

208 759 289 785 non
324 748 444 786 modo
480 749 727 798 perscribere
763 748 877 795 haec,
913 749 987 788 sed
1021 752 1182 787 omnino
1219 748 1397 786 animad-

207 806 381 839 vertere.
435 801 583 840 Omnia
633 805 741 840 enim
789 808 884 841 sunt
931 803 987 841 ibi
1035 801 1396 847 senatusconsulta,
1435 826 1439 854 3

209 854 356 900 edicta,
381 853 558 902 fabulae,
584 869 776 894 rumores.
830 856 950 904 Quod
976 856 1208 907 exemplum
1233 858 1267 894 si
1291 855 1396 894 forte

208 910 340 946 minus
363 914 407 946 te
430 908 657 955 delectarit,
679 923 731 948 110
755 909 982 948 molestiam
1004 910 1079 948 tibi
1101 923 1194 948 cum
1215 912 1397 960 impensa
1446 949 1448 959 Ι

168 965 190 997 2
209 975 301 999 mea
334 962 561 1009 exhibeam,
592 962 657 1001 fac
688 977 754 1001 me
786 966 1012 1002 certiorem.
1064 963 1106 1002 Si
1137 963 1235 1015 quid
1264 965 1305 1001 in
1335 975 1397 1000 re-
1434 971 1448 1007 ς

207 1015 370 1066 publica
396 1019 524 1054 maius
553 1023 691 1055 actum
720 1019 810 1063 erit,
838 1017 947 1069 quod
973 1019 1040 1056 isti
1068 1019 1239 1068 operarii
1266 1019 1396 1054 minus
1436 1042 1439 1063 3

208 1069 419 1108 commode
438 1073 626 1121 persequi
646 1073 815 1121 possint,
836 1076 880 1109 et
899 1070 1241 1122 quemadmodum
1260 1075 1396 1108 actum
1435 1083 1448 1091 ⁴

208 1125 274 1168 sit,
290 1129 334 1162 et
347 1137 452 1174 quae
469 1127 713 1162 existimatio
728 1130 880 1170 secuta,
895 1137 1082 1176 quaeque
1096 1124 1148 1163 de
1163 1137 1211 1162 eo
1225 1137 1316 1175 spes
1330 1125 1395 1168 sit,
1444 1170 1448 1179 Ι

208 1176 425 1227 diligenter
462 1178 537 1215 tibi
574 1179 879 1228 perscribemus.
933 1178 995 1216 Ut
1030 1191 1137 1216 nunc
1175 1182 1251 1223 est,
1288 1176 1396 1215 nulla

208 1243 356 1281 magno
383 1244 505 1281 opere
532 1235 782 1282 exspectatio
809 1237 885 1270 est.
938 1231 1044 1270 Nam
1070 1237 1114 1270 et
1137 1230 1194 1269 illi
1216 1243 1395 1269 rumores

208 1283 261 1322 de
285 1287 455 1322 comitiis
479 1285 856 1336 Transpadanorum
881 1284 1098 1324 Cumarum
1122 1290 1242 1323 tenus
1265 1283 1395 1322 calue-

208 1343 304 1376 runt
321 1350 331 1382 ;
349 1338 520 1376 Romam
537 1352 629 1377 cum
646 1341 858 1384 venissem,
873 1352 925 1377 ne
939 1341 1218 1377 tenuissimam
1232 1337 1396 1388 quidem

209 1391 459 1430 auditionem
486 1392 539 1431 de
568 1405 617 1430 ea
643 1406 688 1430 re
715 1395 865 1443 accepi.
918 1392 1137 1431 Ptaeterea
1166 1390 1395 1436 Marcellus,

1440 1434 1448 1482 ,μμ-
1438 1384 1448 1416 ιη’
1438 1339 1440 1342 ·

210 1445 319 1495 quod
332 1445 464 1484 adhuc
479 1446 577 1484 nihil
594 1445 756 1484 rettulit
769 1446 822 1485 de
836 1449 1086 1485 successione
1103 1447 1395 1497 provinciarum

210 1498 444 1545 Galliarum,
469 1505 515 1538 et
539 1502 582 1538 in
611 1499 814 1539 Kalendas
841 1500 945 1546 Iun.,
971 1505 1020 1539 ut
1043 1499 1143 1539 mihi
1166 1501 1253 1551 ipse
1279 1498 1395 1543 dixit,

209 1565 301 1590 eam
338 1552 495 1591 distulit
533 1553 785 1600 relationem,
824 1567 1046 1605 sanequam
1085 1566 1153 1592 eos
1191 1564 1394 1591 sermones
1443 1577 1445 1594 2

261 1647 325 1680 ⁸2¹.
328 1658 369 1686 e„
380 1647 441 1680 the
454 1647 633 1690 assembly
644 1648 857 1682 summoned
869 1651 907 1681 to
916 1651 998 1682 vote
1008 1659 1056 1681 on
1065 1647 1127 1681 the
1137 1646 1304 1697 proposal
1315 1646 1396 1679 that
1443 1645 1445 1647 ’

212 1690 272 1724 the
294 1693 406 1724 towns
438 1691 541 1724 north
564 1691 605 1724 of
610 1660 692 1724 ythe
723 1691 842 1724 Padus
871 1691 999 1725 should
1029 1691 1175 1724 become
1197 1689 1394 1731 municipia

212 1734 284 1766 and
299 1735 433 1767 receive
447 1734 507 1768 the
521 1734 588 1767 full
605 1734 745 1767 Roman
765 1734 942 1784 franchise
959 1734 1125 1776 (civitas),
1144 1733 1300 1767 whereas
1314 1742 1395 1765 now

214 1777 300 1819 they
315 1777 387 1810 had
403 1777 488 1820 only
505 1777 566 1810 the
582 1777 756 1816 latinitas,
779 1788 819 1810 or
841 1777 899 1810 ius
919 1777 1030 1810 Latii.
1077 1777 1153 1810 The
1174 1776 1300 1810 civitas
1322 1785 1396 1808 was

213 1820 365 1862 granted
380 1821 477 1854 them
492 1820 543 1862 by
558 1819 688 1853 Caesar
709 1830 749 1853 as
764 1820 912 1853 consul
902 1830 939 1853 111
954 1822 1011 1853 49.

259 1864 272 1884 ¹³
297 1863 350 1896 M.
368 1863 538 1896 Claudius
556 1863 758 1901 Marcellus,
773 1863 924 1896 consul
915 1874 950 1895 ln
966 1865 1006 1895 51
1027 1873 1058 1895 B.
1060 1872 1091 1895 0.

213 1906 392 1989 M⁶Tll11at
416 1906 546 1940 Caesar
573 1906 700 1940 should
726 1907 807 1950 give
835 1917 884 1949 up
912 1906 967 1939 his
995 1905 1111 1939 Gallie
1136 1906 1321 1948 provinces
1346 1915 1392 1938 on
1447 1947 1448 1950 Ἴ

256 1960 316 1982 arc
361 1954 374 1983 l
406 1952 463 1983 49.
1447 1951 1448 1966 ³

217 1997 292 2030 100
