1448 2236
671 48 874 90 CICERO

176 152 378 198 mandavi,
395 158 442 190 ut
456 159 662 204 rogarent.
704 154 1005 206 Exspectabam
1020 159 1184 197 omnino
1198 160 1363 206 iamdiu,

175 226 324 264 meque
338 213 601 259 sustinebam,
614 227 667 252 ne
681 214 733 252 ad
745 220 789 253 te
801 218 910 266 prius
923 218 1010 267 ipse
1024 218 1122 268 quid
1134 219 1363 266 scriberem,

175 286 298 324 quam
326 272 476 323 aliquid
503 276 760 324 accepissem,
787 281 835 313 ut
860 289 1020 326 possem
1047 283 1091 316 te
1117 283 1363 318 remunerari

175 347 297 384 quam
310 333 508 371 simillimo
521 346 703 371 munere.
756 334 851 380 Sed,
864 349 956 374 cum
968 342 1015 374 tu
1028 338 1181 376 tardius
1194 337 1363 386 faceres,

174 393 217 431 id
250 397 326 438 est,
358 397 406 430 ut
439 405 515 443 ego
547 394 806 443 interpretor,
838 394 1086 446 diligentius,
1117 400 1251 436 teneri
1281 412 1363 437 non

173 454 302 503 potui,
323 453 420 502 quin
439 453 764 490 coniunctionem
783 453 1008 493 studiorum
1028 459 1363 515 amorisuns-

173 514 240 557 tri,
258 525 338 562 quo
355 524 516 562 possem
533 511 762 551 litterarum
776 525 945 564 genere,
963 514 1236 571 declararemj
1267 517 1362 556 Feci
1415 566 1417 571 ⁴

173 573 297 623 igitur
317 584 545 609 sermonem
565 574 673 610 inter
693 585 765 611 nos
786 572 971 612 habitum
990 577 1033 613 in
1054 570 1248 623 Cumano,
1269 591 1361 616 cum

173 637 281 670 esset
299 644 380 668 una
398 630 655 681 Pomponius.
707 631 798 669 Tibi
815 632 911 671 dedi
927 640 1065 684 partes
1082 635 1366 683 Antiochinas,-

171 704 271 743 quas
303 704 327 728 a
356 696 400 728 te
429 691 590 741 probari
619 691 868 731 intellexisse
897 693 995 731 mihi
1024 695 1218 741 videbar3
1261 697 1360 734 mihi

142 754 147 758 “
172 753 324 801 sumpsi
344 750 533 789 Philonis.
588 751 692 789 Puto
712 751 812 798 fore,
831 758 892 798 ut,
911 767 1003 791 cum
1021 754 1181 805 legeris,
1199 758 1359 803 mirere,
1412 793 1415 796 ,

170 825 242 849 nos
265 811 307 848 id
329 811 483 849 locutos
509 824 596 848 esse
618 813 727 849 inter
749 825 835 857 nos,
859 813 968 863 quod
990 827 1212 866 numquam
1235 816 1359 855 locuti

131 877 152 909 2
171 883 320 908 sumus.
373 870 455 908 Sed
497 872 603 908 nosti
645 884 800 909 morem
843 872 1106 924 dialogorum.
1160 874 1358 914 Posthaec

141 941 145 944 ·
171 936 324 975 autem,
351 932 408 966 mi
436 929 576 975 Varro,
605 943 727 981 quam
755 930 942 981 plurima,
970 934 1003 970 si
1030 933 1204 980 videtur,
1234 940 1278 973 et
1305 935 1358 973 de

170 991 283 1028 nobis
306 992 413 1027 inter
434 1003 506 1028 nos
524 1002 535 1035 ;
571 1003 660 1028 sero
681 989 867 1037 fortasse,
889 992 962 1030 sed
982 996 1233 1043 superiorum
1253 1000 1358 1033 tem-

169 1063 313 1101 porum
338 1048 503 1087 fortuna
528 1050 774 1100 reipublicae
801 1064 963 1089 causam
989 1055 1216 1099 sustineat;
1257 1053 1357 1093 haec

168 1112 243 1161 ipsi
262 1115 470 1160 praestare
489 1109 699 1147 debemus.
752 1110 892 1161 Atque
911 1114 1067 1150 utinam
1086 1115 1233 1164 quietis
1251 1118 1356 1152 tem·
1385 1123 1389 1128 '

168 1170 345 1221 poribus,
372 1175 496 1220 atque
523 1169 670 1220 aliquo,
696 1171 729 1207 si
754 1184 835 1208 non
859 1171 980 1217 bono,
1006 1177 1050 1210 at
1074 1172 1220 1211 saltem
1243 1179 1356 1212 certo

169 1235 281 1267 statu
302 1230 489 1273 civitatis,
511 1227 611 1266 haec
632 1231 740 1267 inter
761 1243 832 1267 nos
855 1230 990 1268 studia
1011 1244 1202 1270 exercere
1221 1245 1357 1283 posse-

168 1289 284 1327 mus!
339 1288 596 1339 Quamquam
621 1294 710 1327 tum
735 1290 902 1340 quidem
925 1290 990 1329 vel
1014 1291 1116 1329 aliae
1141 1295 1356 1343 quaepiam

168 1350 345 1386 rationes
366 1347 557 1386 honestas
578 1348 692 1386 nobis
716 1354 759 1387 et
780 1362 893 1387 curas
917 1355 960 1388 et
982 1352 1160 1389 actiones
1181 1351 1328 1390 darent
1344 1364 1356 1399 ;
1411 1351 1415 1355 ’

217 1462 234 1479 ⁸
257 1458 323 1492 See
338 1469 374 1501 p.
392 1461 470 1496 206,
487 1461 569 1491 note
584 1458 619 1491 d.

222 1501 236 1522 ⁶
259 1502 326 1540 i.e.,
342 1502 393 1543 by
409 1512 530 1534 means
546 1501 587 1534 of
599 1512 622 1534 a
662 1501 893 1546 hilosophical
909 1504 1061 1537 treatise.

213 1548 225 1563 ⁶
248 1545 452 1588 According
480 1549 518 1579 to
549 1546 614 1579 Rei
675 1547 802 1589 (Acad.
834 1557 870 1589 p.
901 1547 959 1589 49)
991 1557 1038 1580 no
1074 1545 1159 1579 such
1197 1547 1351 1588 meeting

165 1591 202 1620 at
233 1588 367 1621 Cumae
392 1588 496 1622 could
527 1589 617 1623 have
642 1590 751 1622 taken
778 1589 877 1631 place
903 1590 1058 1623 between
1089 1589 1149 1622 the
1178 1589 1283 1623 death
1313 1589 1355 1622 of

165 1632 282 1665 Tullia
302 1631 521 1673 (mentioned
542 1632 578 1663 in
599 1631 713 1663 Acad.
735 1632 832 1664 Post.
855 1634 877 1664 i.
903 1634 958 1672 11)
980 1632 1052 1665 and
1073 1633 1134 1666 the
1154 1635 1295 1674 writing
1315 1635 1355 1667 of

165 1676 226 1709 the
242 1675 465 1708 Academica.
512 1673 627 1706 Varro
644 1674 761 1707 would
779 1677 817 1707 at
834 1685 921 1707 once
938 1685 996 1708 see
1012 1675 1073 1708 the
1089 1677 1350 1719 impossibility,

165 1718 237 1752 and
254 1718 376 1751 Cicero
391 1717 600 1758 anticipates
615 1717 670 1749 his
685 1719 839 1759 surprise
854 1721 892 1750 at
907 1718 967 1750 the
982 1717 1051 1750 end
1068 1718 1108 1751 of
1121 1721 1137 1757 5
1154 1721 1183 1752 1.

212 1761 228 1781 ‘³
252 1761 449 1794 Antiochus
470 1760 510 1793 of
528 1760 682 1793 Ascalon
698 1770 770 1792 was
785 1761 845 1793 the
860 1760 1014 1794 Eclectic
1035 1761 1262 1804 philosopher
1279 1773 1351 1806 par

165 1805 359 1843 excellence,
386 1803 586 1845 professing
610 1806 647 1835 to
673 1802 780 1835 blend
807 1803 867 1835 the
893 1803 1002 1842 Stoic,
1030 1804 1252 1846 Peripatetie‚
1278 1805 1350 1838 and

164 1847 360 1880 Academic
380 1846 630 1888 philosophies.
679 1846 780 1878 Philo
802 1845 842 1878 of
862 1846 1004 1879 Larissa
1025 1858 1097 1880 was
1118 1848 1178 1880 the
1200 1848 1291 1881 head
1313 1848 1353 1881 of

159 1891 225 1923 ‘the
243 1890 332 1923 New
348 1889 546 1932 Academy.
592 1888 714 1923 Cicero
729 1888 898 1922 attended
914 1890 975 1923 the
989 1889 1137 1924 leetures
1152 1890 1193 1924 of
1205 1891 1353 1925 both.-

164 1933 312 1975 Tyrrell.

161 1989 238 2023 208
