1448 2236
707 44 908 84 CICERO

213 152 338 188 etiam
365 149 439 188 hoc
468 149 520 188 ad
545 162 633 188 rem
658 149 856 202 pertinet)
883 149 1038 201 gloria3
1078 149 1152 188 sed
1175 162 1244 188 me
1268 150 1402 200 patria

212 220 415 265 sollicitat,
439 223 481 258 in
505 222 739 271 primisque,
764 222 820 257 mi
846 219 1007 266 Plance,
1033 222 1284 270 exspectatio
1309 232 1402 257 con-

211 290 365 328 sulatus
386 293 447 328 tui
465 303 475 336 3
512 303 617 341 quae
638 293 697 329 ita
715 290 838 342 longa
859 296 935 336 est,
956 296 1003 328 ut
1023 290 1247 340 optandum
1267 291 1334 335 sit,
1355 294 1401 327 ut

211 363 408 412 possimus
436 361 488 399 ad
513 361 556 399 id
581 367 744 412 tempus
768 361 1014 412 reipublicae
1033 363 1217 411 spiritum
1239 360 1400 398 ducere.

213 430 330 478 Quae
352 437 492 482 potest
517 434 625 470 enim
649 444 740 482 spes
765 444 853 470 esse
876 434 918 469 in
943 444 991 469 ea
1013 430 1234 482 republica,
1256 433 1299 468 in
1321 442 1402 480 qua

213 501 384 540 hominis
402 504 731 553 impotentissimi
750 507 875 553 atque
893 503 1265 552 intemperatissimi
1282 501 1401 538 armis

213 585 404 623 oppressa
431 578 525 611 sunt
552 573 719 611 omnia?
762 578 806 612 et
836 574 879 610 in
911 585 992 623 qua
1017 585 1092 610 nec
1122 577 1300 616 senatus,
1325 582 1400 608 nec

211 643 383 694 populus
403 645 484 681 vim
505 643 632 682 habet
651 642 775 681 ullam
792 643 809 681 ?
843 656 919 680 nec
938 642 1051 694 leges
1072 642 1178 680 ullae
1198 646 1306 686 sunt,
1325 653 1401 678 nec

211 714 358 752 iudicia
379 727 456 752 nec
475 716 637 752 omnino
660 713 917 751 simulacrum
936 712 1099 764 aliquod
1122 725 1168 750 ac
1186 713 1400 762 vestigium

172 788 194 821 2
211 784 410 822 civitatis?
457 783 539 822 Sed
553 797 644 822 cum
659 789 752 822 acta
763 786 898 822 omnia
911 786 1022 821 mitti
1036 783 1088 821 ad
1106 788 1150 821 te
1165 782 1401 826 arbitrabar,

213 855 312 893 nihil
337 860 440 900 erat,
466 854 575 905 quod
600 854 765 905 singulis
791 854 843 892 de
867 854 988 892 rebus
1014 854 1243 892 scriberem.
1297 850 1402 889 Illud

214 930 354 963 autem
385 931 474 963 erat
505 927 650 963 amoris
679 927 775 970 mei,
806 937 929 975 quem
960 937 984 962 a
1012 929 1086 962 tua
1114 924 1290 974 pueritia
1317 934 1402 960 sus-

213 1001 380 1046 ceptum
397 1009 479 1034 non
497 997 651 1033 servavi
669 995 812 1040 solum,
827 995 900 1033 sed
914 997 1040 1032 etiam
1054 995 1162 1039 auxi,
1175 1005 1341 1031 monere
1356 996 1401 1030 te

216 1072 341 1117 atque
368 1066 534 1111 hortari,
562 1071 609 1104 ut
635 1068 677 1103 in
703 1065 993 1116 rempublicam
1016 1066 1129 1119 ‘omni
1156 1065 1401 1114 cogitatione

215 1150 392 1188 curaque
412 1136 679 1174 incumberes.
733 1135 849 1183 Quae
870 1137 903 1173 si
924 1135 976 1173 ad
994 1140 1112 1173 tuum
1131 1140 1293 1184 tempus
1311 1145 1401 1183 per-

215 1207 390 1253 ducitur,
406 1206 531 1245 facilis
548 1207 790 1258 gubernatio
807 1211 870 1244 est
887 1211 975 1253 ;,ut
989 1205 1236 1256 perducatur
1250 1208 1402 1247 autem,

214 1291 390 1329 magnae
422 1291 514 1315 cum
544 1277 782 1328 diligentiae
815 1282 892 1322 est,
923 1282 1013 1314 tum
1046 1277 1170 1314 etiam
1201 1273 1401 1312 fortunae.

184 1353 205 1387 3
223 1347 306 1387 Sed
332 1354 375 1387 et
399 1354 444 1386 te
470 1347 679 1398 aliquanto
705 1352 816 1392 ante,
841 1352 888 1385 ut
912 1359 1044 1397 spero,
1068 1345 1320 1389 habebimus,
1345 1348 1402 1388 et,

214 1425 502 1471 praeterquam
536 1418 645 1469 quod
676 1417 921 1468 reipublicae
953 1415 1160 1455 consulere
1192 1414 1402 1458 debemus,
1443 1459 1447 1464 .

217 1488 362 1528 etiaml
385 1495 483 1527 tuae
508 1488 699 1539 dignitati
724 1490 784 1526 ita
802 1487 998 1532 favemus,
1016 1492 1064 1526 ut
1083 1492 1203 1524 Omne
1220 1490 1401 1522 nostrum

217 1559 442 1604 consilium,
466 1559 660 1604 studium,
684 1557 873 1603 officium,
896 1569 1076 1608 operam,
1098 1555 1292 1600 laborem,
1315 1553 1400 1591 dili-

215 1632 398 1682 gentiam
431 1629 484 1668 ad
521 1628 830 1679 amplitudinem
866 1633 981 1665 tuam
1018 1625 1283 1665 conferamus.
1335 1623 1401 1661 Ita

557 1739 572 1760 ²
599 1739 821 1781 Wesenbem:
851 1742 972 1772 tamen
989 1746 1069 1771 uss.

659 1912 676 1929 ⁰
699 1908 768 1947 220„
783 1909 820 1941 in
836 1910 879 1941 42
897 1918 962 1941 mc.

223 2001 300 2040 292
