1448 2236
696 71 897 112 CICERO

198 176 463 229 chirographo
485 179 614 216 mittit
635 177 734 216 mihi
753 177 927 225 litteras,
947 180 990 217 in
1012 181 1151 231 eisque
1171 179 1391 231 desperans

198 243 251 281 de
280 256 338 288 se,
369 243 422 282 de
452 245 649 289 exercitu,
679 242 731 282 de
762 242 908 294 Lepidi
937 243 1032 290 fide,
1062 257 1319 296 querensque
1347 257 1391 283 se

197 307 457 353 destitutum,
496 313 639 358 aperte
677 307 907 354 denuntiat,
944 309 1120 355 videam,
1157 322 1210 348 ne
1247 308 1391 355 fallar;

197 385 312 410 suam
347 372 470 410 fidem
505 372 680 411 solutam
716 385 832 418 esse;
879 373 1127 424 reipublicae
1161 386 1214 412 ne
1248 373 1389 412 desim.

197 436 418 488 Exemplar
448 439 534 475 eius
562 437 817 488 chirographi
845 437 953 476 Titio
982 439 1085 476 misi.
1140 437 1235 488 Ipsa
1263 437 1391 476 chiro-

196 501 352 553 grapha
374 504 523 547 omnia,
543 507 585 540 et
604 502 749 552 quibus
767 502 933 547 credidi,
953 507 997 540 et
1022 515 1086 548 ea,
1104 502 1249 553 quibus
1267 501 1390 540 fidem

196 580 278 604 non
292 566 524 604 habendam
538 568 694 616 putavi,
711 565 846 604 Laevo
863 566 996 616 Cispio
1012 566 1117 604 dabo
1132 565 1389 617 perferenda,

158 636 178 667 4
197 633 265 682 qui
303 631 488 669 omnibus
526 633 572 668 iis
609 629 796 669 interfuit
831 631 966 669 rebus.
1019 630 1202 669 Accessit
1240 643 1303 676 eo,
1340 636 1388 669 ut

195 695 344 733 milites
365 697 464 740 eius,
483 709 575 733 cum
595 694 774 746 Lepidus
791 697 1108 741 contionaretur,
1126 695 1298 746 improbi
1315 707 1390 745 per
1446 727 1448 729 .

195 773 254 806 se,
283 762 460 810 corrupti
492 762 616 798 etiam
645 773 720 810 per
750 773 832 805 e03‚
863 762 931 811 qui
961 765 1171 810 praesunt,
1201 759 1388 798 Canidios

195 823 477 875 Rufrenosque
499 830 543 863 et
562 830 734 869 ceteros,
755 837 869 874 quos,
889 837 981 862 cum
1002 837 1102 875 opus
1125 826 1216 869 erit,
1236 825 1387 869 scietis,
1443 844 1448 866 ·.

195 889 484 927 conclamarint
498 891 570 926 viri
585 889 694 933 boni,
707 901 852 939 pacem
868 901 912 926 se
926 887 1030 926 velle
1043 901 1178 939 neque
1194 900 1282 926 esse
1296 898 1388 925 cum

196 954 285 991 ullis
305 959 571 1004 pugnaturos,
593 953 749 991 duobus
770 955 851 990 iam
871 952 1100 990 consulibus
1120 951 1388 1003 singularibus
1437 977 1439 980 s

197 1021 350 1064 occisis,
363 1024 427 1056 tot
441 1018 592 1056 civibus
604 1030 678 1068 pro
690 1019 824 1068 patria
837 1019 1004 1062 amissis,
1017 1016 1199 1055 hostibus
1211 1016 1388 1067 denique

198 1084 383 1121 omnibus
414 1083 600 1121 iudicatis
630 1083 828 1133 bonisque
857 1081 1085 1133 publicatis.
1138 1081 1283 1132 Neque
1312 1079 1388 1118 hoc

158 1154 179 1185 5
199 1154 271 1186 aut
290 1148 514 1186 vindicarat
534 1147 712 1197 Lepidus
733 1152 806 1185 aut
824 1152 1000 1185 sanarat.
1053 1145 1145 1184 Huc
1163 1158 1231 1184 me
1250 1147 1388 1183 venire
1436 1167 1437 1170 =

199 1218 243 1251 et
269 1213 426 1251 duobus
455 1212 698 1250 exercitibus
726 1213 948 1250 coniunctis
976 1211 1136 1249 obicere
1164 1212 1386 1249 exercitum
1435 1223 1437 1225 ¹

198 1277 488 1323 fidelissimum,
536 1276 685 1314 auxilia
731 1278 922 1322 maxima,
968 1278 1168 1327 principes
1217 1274 1386 1319 Galliae,

197 1344 442 1393 provinciam
469 1347 671 1387 cunctam,
690 1354 872 1380 summae
899 1341 1132 1379 dementiae
1156 1345 1199 1378 et
1223 1341 1386 1378 temeri-

196 1410 295 1446 tatis
320 1420 408 1445 esse
428 1407 523 1451 vidi,
542 1406 737 1457 mihique,
757 1408 790 1444 si
812 1408 872 1444 ita
894 1418 1107 1456 oppressus
1131 1417 1260 1443 essem
1281 1416 1386 1442 rem-

198 1485 279 1523 que
295 1471 499 1522 publicam
517 1484 678 1509 mecum
694 1470 974 1522 prodidissem,
990 1475 1151 1509 mortuo
1168 1483 1249 1508 non
1265 1468 1385 1506 modo

197 1536 405 1581 honorem,
452 1536 526 1574 sed
570 1535 884 1574 misericordiam
930 1547 1092 1586 quoque
1139 1532 1384 1573 defuturam.

198 1601 346 1652 Itaque
382 1601 585 1639 rediturus
622 1613 711 1638 sum
748 1613 823 1638 nec
859 1605 978 1638 tanta
1012 1612 1182 1637 munera
1215 1597 1384 1649 perditis

245 1784 261 1800 ⁰
285 1778 464 1822 Probably
484 1778 524 1811 P.
544 1778 667 1818 Titius,
688 1778 748 1811 the
766 1778 908 1812 tribune
926 1777 967 1811 of
982 1777 1044 1811 the
1061 1777 1162 1820 plebs
1181 1775 1383 1811 mentioned

198 1824 235 1856 in
250 1834 283 1856 x.
305 1825 356 1855 12.
373 1825 406 1856 3.

246 1865 260 1886 ὓ
284 1865 351 1899 See
365 1876 399 1898 x.
419 1867 471 1899 18.
492 1867 522 1898 1.

246 1913 260 1931 ⁶
285 1909 436 1951 Legates
448 1919 488 1942 or
498 1908 710 1946 centurions,
724 1917 771 1940 no
781 1906 906 1946 doubt,
923 1908 960 1940 in
975 1907 1036 1941 the
1047 1917 1150 1949 army
1160 1905 1202 1941 of
1214 1904 1382 1948 Lepidus.
1412 1908 1414 1910 '

200 2009 278 2049 360
