1448 2236
679 73 880 113 CICERO

715 227 837 266 XXII

621 348 760 374 CICERO
788 347 935 373 PLANCO

595 442 744 481 Romae,
761 452 867 474 A.u.c.
885 444 962 475 711.

145 533 160 565 1
235 527 283 566 In
303 533 349 567 te
372 533 415 566 et
435 530 477 566 in
497 527 653 579 collega
674 529 802 565 omnis
822 539 914 578 spes
936 531 1013 572 est,
1033 525 1095 565 dis
1115 524 1372 577 approbanti-

179 587 268 626 bus.
323 587 546 626 Concordia
572 592 722 632 vestra,
751 599 857 638 quae
885 587 1046 624 senatui
1074 584 1281 624 declarata
1306 583 1372 621 lit-

179 649 278 686 teris
299 649 443 686 vestris
465 652 542 692 est,
562 646 729 684 mirifice
751 651 795 685 et
814 651 980 684 senatus
1001 650 1046 683 et
1065 649 1212 683 cuncta
1231 645 1372 682 civitas

139 712 160 743 2
178 707 386 745 delectata
405 711 482 745 est.
536 706 656 754 Quod
676 706 729 744 ad
746 719 814 744 me
832 707 1048 756 scripseras
1066 705 1119 743 de
1137 717 1182 742 re
1201 704 1372 755 agraria,

178 769 211 805 si
239 767 445 806 consultus
477 772 643 805 senatus
677 771 800 811 esset,
828 770 876 804 ut
907 767 1079 816 quisque
1110 762 1372 802 honorificen-

178 829 376 865 tissimam
412 826 464 865 de
499 829 544 864 te
579 828 829 864 sententiam
862 825 1047 870 dixisset,
1083 837 1174 862 eam
1208 827 1371 862 secutus
1430 873 1432 875 ‚

179 898 338 932 essem3
379 888 448 938 qui
473 891 587 924 certe
614 898 691 937 ego
717 884 895 923 fuissem.
949 883 1031 922 Sed
1055 888 1224 935 propter
1246 881 1372 921 tardi-

177 951 309 985 tatem
354 948 652 984 sententiarum
697 956 934 995 moramque
975 956 1124 988 rerum,
1168 955 1261 980 cum
1305 954 1369 987 ea,

178 1012 283 1057 quae
322 1005 650 1050 consulebantur,
690 1004 743 1043 ad
781 1006 938 1042 exitum
976 1016 1057 1041 non
1095 1003 1371 1054 pervenirent,

177 1065 545 1104 commodissimum
578 1064 677 1102 mihi
713 1063 943 1114 Plancoque
977 1061 1093 1101 fratri
1128 1063 1257 1100 visum
1294 1063 1377 1106 est,

178 1127 239 1163 uti
269 1138 317 1164 eo
346 1129 512 1163 senatus
541 1122 756 1169 consulto}
785 1122 896 1174 quod
923 1135 976 1160 ne
1005 1126 1142 1160 nostro
1173 1121 1372 1159 arbitratu

178 1190 503 1235 componeretur,
530 1186 618 1235 quis
645 1182 770 1222 fuerit
795 1183 1104 1234 impedimento,
1130 1181 1301 1220 arbitror
1326 1185 1371 1218 te

138 1248 159 1282 3
180 1257 230 1282 ex
259 1243 396 1282 Planci
423 1243 570 1282 litteris
598 1245 844 1294 cognovisse.
898 1241 980 1280 Sed
1006 1243 1091 1280 sive
1117 1242 1160 1278 in
1186 1244 1371 1278 senatus-

177 1303 375 1349 consulto,
400 1305 484 1342 sive
508 1306 551 1341 in
575 1304 723 1341 ceteris
747 1302 868 1340 rebus
893 1300 1099 1339 desideras
1125 1299 1290 1350 aliquid,
1315 1300 1372 1336 sic

177 1364 254 1402 tibi
283 1363 499 1414 persuade,
529 1368 689 1401 tantam
722 1374 811 1401 esse
843 1361 952 1412 apud
983 1372 1122 1399 omnes
1154 1359 1280 1398 bonos
1311 1359 1372 1396 tui

178 1425 408 1469 caritatem,
437 1428 485 1461 ut
514 1422 669 1460 nullum
698 1434 830 1473 genus
859 1420 1130 1472 amplissimae
1159 1418 1371 1469 dignitatis

180 1485 403 1534 excogitari
418 1484 559 1533 possit,
575 1481 685 1533 quod
699 1482 776 1520 tibi
791 1494 873 1520 non
887 1484 1076 1532 paratum
1094 1480 1159 1517 sit.
1193 1477 1371 1516 Litteras

178 1547 271 1580 tuas
297 1541 564 1580 vehementer
590 1546 797 1592 exspecto,
823 1545 868 1579 et
894 1539 1060 1591 quidem
1084 1537 1203 1583 tales,
1230 1535 1372 1588 quales

181 1604 359 1640 maxime
377 1607 487 1652 opto.
542 1600 655 1639 Vale.

427 1669 441 1689 ²
465 1680 525 1702 s.c.
543 1679 613 1701 was
629 1668 746 1702 added
763 1671 797 1700 to
813 1677 855 1700 eo
872 1666 914 1709 by
933 1666 1133 1700 Manutius.

237 1759 252 1775 ⁴²
274 1756 341 1793 i.e.‚
359 1755 404 1788 D.
421 1754 563 1787 Brutus.

236 1798 249 1818 ὸ
275 1798 367 1831 Both
398 1797 550 1831 Plancus
580 1795 652 1829 and
681 1795 727 1828 D.
752 1795 883 1828 Brutus
905 1804 996 1827 were
1023 1794 1171 1826 anxious
1197 1796 1234 1826 to
1259 1792 1304 1826 be
1327 1802 1373 1826 on

186 1841 500 1918 thfdpommission
520 1843 559 1874 to
580 1838 741 1872 consider
762 1838 823 1871 the
843 1836 1070 1871 distribution
1091 1836 1132 1870 of
1149 1835 1234 1869 land
1255 1839 1294 1869 to
1315 1835 1374 1868 the

187 1895 226 1918 so
265 1895 342 1919 1ers.

188 2006 267 2046 364
