1448 2236
653 65 853 104 CICERO

158 170 303 209 librum
329 171 402 209 tibi
428 173 516 208 misi
549 169 720 221 Rhegio,
745 172 938 220 scriptum
963 182 1086 220 quam
1117 169 1347 220 planissime

157 238 222 263 res
246 224 315 262 illa
339 225 454 262 scribi
480 226 629 274 potuit.
682 222 752 261 Sin
776 224 852 261 tibi
877 223 1079 274 quaedam
1103 223 1348 261 videbuntur

158 279 399 323 obscuriora,
431 280 611 328 cogitare
642 277 824 322 debebis,
857 276 1008 314 nullam
1039 282 1172 314 artem
1201 275 1347 314 litteris

157 335 244 371 sine
273 335 498 382 interprete
528 336 572 369 et
599 333 686 369 sine
713 330 849 382 aliqua
878 332 1169 368 exercitatione
1195 332 1348 380 percipi

156 399 289 437 posse.
342 385 435 423 Non
458 385 580 436 longe
605 385 779 430 abieris;
819 397 917 421 num
942 386 1003 422 ius
1029 383 1143 421 civile
1169 389 1349 421 vestrum

159 453 211 478 ex
240 439 350 477 libris
381 441 566 490 cognosci
596 438 766 488 potest?
812 440 880 488 qui
912 450 1159 488 quamquam
1187 436 1348 487 plurimi

159 499 267 538 sunt,
279 493 487 531 doctorem
503 498 643 530 tamen
657 490 894 542 lumenque1
908 490 1154 529 desiderant.
1194 490 1349 538 vQuam-

159 560 282 598 quam
308 552 356 584 tu
382 548 416 584 si
442 551 605 584 attente
631 545 757 597 leges,
785 547 818 583 si
845 547 1018 595 saepius,
1043 557 1118 594 per
1144 549 1188 582 te
1215 546 1350 582 omnia

159 613 421 651 consequere,
440 605 487 637 ut
505 605 617 637 certe
641 598 868 649 intellegas,
923 598 983 636 Ut
1006 610 1102 636 vero
1125 599 1250 635 etiam
1273 599 1349 648 ipsi

159 655 235 692 tibi
263 654 353 699 loci,
381 656 588 704 proposita
618 655 869 704 quaestione,
899 657 1123 696 occurrant,
1155 653 1348 689 exercita-

159 710 271 746 tione
293 719 554 758 consequere.
609 707 657 743 In
679 719 759 757 qua
781 706 946 757 quidem
966 718 1039 744 nos
1061 710 1105 743 te
1127 704 1349 742 continebi-

159 775 263 806 mus,
282 763 315 799 si
334 766 378 799 et
396 760 494 799 salvi
511 759 747 798 redierimus
767 765 811 798 et
828 758 938 797 salva
954 761 1034 797 ista
1051 757 1348 796 offenderimus.

159 829 198 854 v.
219 814 310 853 Kal.
329 814 442 853 Sext.
462 814 631 866 Rhegio.

716 914 795 953 XX

512 1023 650 1048 CICERO
677 1023 709 1049 S.
737 1023 776 1049 D.
803 1021 999 1048 TREBATIO

580 1105 714 1143 Veliae,
732 1115 837 1137 A.u.c.
857 1106 933 1136 710.

124 1191 141 1224 l
212 1182 432 1221 Amabilior
464 1182 561 1220 mihi
594 1181 708 1219 Velia
738 1180 830 1225 fuit,
863 1180 972 1231 quod
1002 1184 1046 1217 te
1078 1179 1131 1218 ab
1163 1192 1212 1217 ea
1243 1180 1349 1217 sensi

161 1240 300 1275 amari.
353 1236 435 1274 Sed
472 1235 569 1286 quid
607 1247 683 1286 ego
720 1235 851 1272 dicam
889 1239 946 1279 te,
984 1246 1107 1284 quem
1144 1235 1232 1283 quis
1269 1245 1348 1270 non

161 1296 273 1328 amat
290 1291 305 1328 ?
358 1289 489 1335 Rufio,
510 1289 666 1327 medius
687 1288 817 1333 fidius,
838 1293 932 1325 tuus
951 1289 1010 1324 ita
1030 1286 1348 1330 desiderabatur,

162 1349 209 1382 ut
225 1347 257 1382 si
275 1349 382 1382 esset
399 1356 501 1380 unus
519 1356 541 1380 e
557 1343 685 1380 nobis.
738 1341 819 1379 Sed
836 1354 911 1392 ego
927 1346 971 1378 te
988 1353 1068 1378 non
1082 1339 1349 1390 reprehendo,

162 1401 231 1448 qui
246 1397 358 1435 illum
373 1397 426 1435 ad
440 1396 764 1434 aedificationem
777 1400 892 1433 tuam
906 1394 1146 1432 traduxeris.
1199 1392 1350 1440 Quam-

162 1464 284 1502 quam
320 1453 426 1488 em‘m
462 1449 576 1488 Velia
609 1462 691 1487 non
726 1454 788 1486 est
822 1447 946 1493 vilior,
981 1460 1104 1498 quam
1139 1445 1349 1497 Lupercal,

162 1511 303 1543 tamen
334 1507 438 1541 istuc
470 1503 590 1549 malo,
623 1516 746 1554 quam
778 1501 879 1539 haec
911 1503 1058 1538 omnia.
1110 1500 1186 1545 Tu,
1218 1502 1251 1537 si
1282 1512 1349 1536 me

162 1558 316 1603 audies,
329 1570 451 1608 quem
464 1557 581 1602 soles,
594 1556 665 1594 has
677 1561 868 1607 paternas
880 1557 1150 1605 possessiones
1163 1553 1322 1591 tenebis
1338 1565 1348 1598 ;

169 1628 182 1649 ²
208 1627 415 1661 Manutius:
440 1636 617 1667 usumque
638 1625 833 1667 Equaeiusz
858 1634 1131 1666 nonnumquam
1145 1621 1348 1656 Lambinus.

210 1701 226 1718 ⁰
249 1695 301 1748 Qr
346 1695 367 1709 “
383 1694 569 1734 sections,’‘
616 1695 825 1736 suggesting
871 1702 1025 1726 answers
1078 1695 1116 1725 to
1159 1689 1350 1733 particular

167 1743 409 1815 qubesxorslave
437 1779 671 1814 manumitted
700 1779 750 1821 by
778 1778 964 1812 Trebatius
992 1777 1064 1810 and
1093 1775 1268 1819 probably
1296 1776 1350 1808 his

166 1826 346 1864 architect,
373 1825 492 1858 whom
517 1823 703 1856 Trebatius
730 1821 801 1854 had
827 1820 1040 1854 transferred
1066 1819 1159 1852 from
1185 1818 1289 1852 Velia
1313 1822 1351 1852 to

171 1869 283 1901 Rome
294 1872 332 1901 to
345 1866 572 1910 superintend
584 1866 645 1899 the
656 1865 820 1906 building
833 1864 872 1897 of
881 1875 903 1896 a
916 1864 1026 1897 house
1037 1863 1146 1896 there.

218 1917 231 1933 ⁶
254 1911 287 1944 A
310 1915 429 1953 grotto
452 1921 499 1944 on
514 1910 575 1943 the
592 1909 752 1942 Palatine
775 1908 862 1946 Hill,
879 1907 1002 1941 sacred
1017 1909 1055 1940 to
1075 1905 1260 1948 Lupercus
1274 1904 1350 1947 (the

168 1955 312 1997 Lycean
331 1954 432 1996 Pan).

173 2005 225 2045 60
