1448 2236
674 41 875 80 CICERO

179 158 275 183 vare
286 158 374 183 rem
386 144 604 196 publicam,
618 150 662 183 et
674 145 727 183 de
739 145 917 183 moribus
930 157 977 182 ac
988 143 1147 195 legibus
1160 155 1369 195 quaerere.

182 199 286 237 Mihi
312 199 413 237 haec
438 199 641 237 videntur.
693 199 770 244 Tu,
797 199 895 249 quid
921 201 973 236 sis
1000 204 1176 243 acturus,
1204 202 1248 235 et
1273 196 1370 248 quid

178 254 255 292 tibi
272 253 447 304 placeat,
463 258 702 304 pergratum
721 255 812 298 erit,
831 255 863 290 si
882 252 935 291 ad
951 265 1018 291 me
1035 253 1253 303 scripseris.

744 386 809 424 III

606 488 746 514 CICERO
771 487 949 514 VARRONI

595 562 743 602 Romae,
760 573 866 595 A.11.c.
884 564 960 595 708.

146 649 164 682 l
236 642 339 687 Etsi,
355 641 454 693 quid
472 642 702 686 scriberem,
716 654 798 678 non
817 640 1018 678 habebam
1036 645 1190 684 tamen,
1205 639 1371 677 Caninio

186 697 238 735 ad
257 702 301 734 te
322 698 435 734 eunti
455 710 536 734 non
555 697 671 746 potui
690 694 789 732 nihil
807 694 918 732 dare.
971 693 1081 742 Quid
1101 707 1196 745 ergo
1215 694 1372 744 potissi-

186 764 298 788 mum
323 751 494 788 scribam
512 751 527 787 ?
581 748 701 796 Quod
724 748 828 786 velle
852 753 896 786 te
919 753 1034 798 puto,
1058 750 1139 786 cito
1162 760 1229 785 me
1253 746 1306 784 ad
1327 751 1371 784 te

187 818 274 842 esse
288 810 518 843 venturum.
570 803 660 840 Etsi
674 802 779 847 vide,
793 815 957 852 quaeso,
972 804 1122 840 satisne
1134 806 1293 839 rectum
1306 802 1372 844 sit,

187 872 273 904 nos,
299 858 375 896 hoc
402 863 518 896 tanto
542 857 731 894 'incendio
757 858 944 901 civitatis,
970 858 1013 893 in
1038 857 1124 892 istis
1150 854 1244 893 locis
1273 866 1372 892 esse.

189 912 386 950 Dabimus
407 924 634 949 sermonem
652 912 713 955 iis,
733 911 803 961 qui
821 911 1019 955 nesciunt,
1037 910 1166 954 nobis,
1185 920 1374 959 quocum-

189 979 269 1017 que
289 968 331 1003 in
351 966 437 1004 loco
458 968 595 1010 simus,
617 964 806 1002 eumdem
826 963 994 1008 cultum,
1015 962 1205 1001 eumdem
1224 964 1374 999 victum

190 1033 290 1058 esse.
344 1019 453 1066 Quid
465 1018 593 1056 refert
609 1019 624 1056 ?
677 1018 833 1056 Tamen
845 1019 887 1055 in
899 1029 1127 1055 sermonem
1140 1015 1374 1054 incidemus.

190 1074 319 1112 Valde
342 1074 397 1118 id,
421 1073 556 1118 credo,
579 1071 844 1110 laborandum
868 1076 944 1117 est,
967 1084 1034 1116 ne,
1057 1083 1150 1109 cum
1173 1082 1312 1108 omnes
1334 1070 1376 1105 in

190 1130 299 1167 omni
324 1141 475 1178 genere
503 1132 546 1164 et
571 1126 767 1164 scelerum
794 1130 838 1163 et
862 1124 1106 1176 flagitiorum
1130 1123 1376 1167 volutentur,

190 1188 328 1220 nostra
352 1182 561 1219 nobiseum
588 1186 659 1217 aut
684 1182 792 1217 inter
816 1192 888 1217 nos
914 1180 1084 1216 cessatio
1110 1179 1375 1228 vituperetur.

152 1242 172 1273 2
191 1236 280 1287 Ego
293 1248 402 1281 vero,
415 1235 604 1285 neglecta
615 1234 877 1271 barbarorum
890 1235 1061 1278 inscitia,
1074 1237 1118 1270 te
1130 1242 1350 1282 persequar
1366 1241 1376 1275 ;

192 1291 373 1341 quamvis
392 1291 500 1327 enim
517 1288 618 1326 haec
635 1290 716 1325 sint
731 1289 891 1332 misera,
909 1299 1015 1337 quae
1031 1290 1126 1324 sunt
1142 1286 1377 1329 miserrima,

192 1350 333 1382 tamen
353 1348 460 1380 artes
479 1347 641 1380 nostrae
660 1343 794 1379 nescio
813 1353 893 1391 quo
911 1339 1032 1378 modo
1050 1352 1156 1377 nunc
1176 1339 1378 1377 uberiores

191 1396 346 1436 fructus
364 1396 471 1435 ferre
489 1396 690 1440 videntur,
710 1408 832 1445 quam
850 1394 945 1432 olim
962 1392 1165 1438 ferebant,
1182 1394 1266 1430 sive
1284 1393 1379 1442 quia

193 1451 303 1490 nulla
319 1464 426 1489 nune
442 1453 484 1487 in
501 1463 546 1488 re
564 1450 642 1487 alia
659 1450 961 1499 acquiescimus,
979 1449 1062 1485 sive
1079 1445 1188 1498 quod
1203 1447 1378 1497 gravitas

194 1516 1380 1528 ——ffl——ss

244 1550 259 1566 ⁰
284 1545 464 1587 Probably
481 1545 601 1578 Baiae.

217 1634 224 1641 ¹
246 1589 259 1609 θ
283 1590 352 1628 i.e.‚
367 1599 454 1621 even
467 1591 506 1620 at
527 1588 635 1620 Baiae
653 1587 743 1620 their
761 1585 1029 1628 housekeeping
1044 1584 1114 1618 will
1132 1584 1178 1618 be
1194 1583 1293 1626 plain
1306 1581 1379 1615 and

197 1633 392 1709 smol{geo-me
409 1673 517 1706 make
535 1673 605 1706 this
623 1683 645 1705 a
664 1672 806 1705 remark
824 1675 891 1714 put
907 1671 945 1704 in
962 1671 1024 1704 the
1042 1670 1167 1720 mouth
1184 1669 1226 1703 of
1239 1668 1377 1706 Varro2

198 1719 265 1752 but
282 1718 405 1751 Cicero
423 1727 535 1751 seems
552 1719 590 1749 to
609 1716 654 1748 be
672 1715 816 1748 himself
830 1714 1025 1756 scornfully
1041 1714 1211 1756 rejecting
1227 1712 1283 1745 his
1300 1721 1379 1745 own

198 1761 342 1795 remark
358 1761 470 1794 about
484 1760 505 1773 “
546 1758 678 1800 ossip.’'

243 1806 259 1826 '²
279 1806 372 1839 inter
391 1815 465 1843 nos,
482 1804 517 1836 in
545 1804 678 1844 icating
691 1801 770 1834 that
783 1800 870 1843 they
885 1810 976 1833 were
993 1802 1056 1832 not
1072 1798 1206 1842 merely
1219 1797 1382 1840 together

199 1848 267 1882 but
281 1848 360 1881 that
374 1848 473 1880 there
487 1857 560 1879 was
574 1845 668 1879 close
683 1845 897 1877 intercourse
911 1843 1071 1876 between
1084 1842 1195 1876 them.

248 1896 261 1912 ⁶
284 1891 490 1924 “However
519 1889 549 1929 I,
563 1889 746 1931 despising
764 1887 866 1920 those
886 1886 1098 1924 Philistines,
1113 1895 1153 1918 as
1171 1884 1258 1928 they
1276 1882 1383 1916 know

203 1945 249 1967 no
263 1934 389 1973 better,
405 1933 474 1966 will
491 1933 607 1975 repair
621 1935 659 1965 to
673 1930 783 1974 you.”
823 1929 972 1973 Tyrrell.

211 1990 284 2030 192

1440 776 1448 797 ι
1438 664 1448 758 *an-,al
1438 493 1448 652 *fia-...namn
1443 463 1448 486 ..r
1444 435 1448 456 ,.
1440 409 1448 428 μ
