1448 2236
661 52 862 92 CICERO

166 157 362 208 quotidie.
417 157 591 196 Comitia
623 163 778 204 tamen,
812 158 974 209 quando
1007 172 1060 197 ex
1093 158 1154 197 his
1186 160 1354 210 pendes,

166 233 365 279 quantum
399 226 535 266 facere
567 241 793 279 possumus,
828 228 937 279 quod
969 229 1107 268 multis
1141 229 1194 268 de
1226 233 1354 270 causis

166 298 411 349 reipublicae
460 299 702 337 arbitramur
748 299 987 345 conducere,
1034 301 1076 337 in
1124 299 1354 339 Ianuarium

165 381 349 406 mensem
367 369 654 418 protrudimus.
708 368 834 407 Vince
851 371 975 421 igitur
993 374 1036 407 et
1053 369 1155 408 vale.

683 555 841 594 XXVII

578 671 718 698 CICERO
745 671 887 697 LEPIDO
912 671 946 700 s-

580 762 728 801 Romae,
745 773 851 796 tim-c·
869 765 946 796 711.

130 861 147 895 1
217 856 339 904 Quod
376 856 489 902 mihi,
529 869 602 907 pro
641 869 799 894 summa
837 869 936 908 erga
973 862 1019 895 te
1057 857 1355 905 benevolentia,

166 939 341 978 magnae
364 939 484 964 curae
504 931 580 971 est,
598 931 645 964 ut
663 939 785 977 quam
810 926 1054 977 amplissima
1071 927 1272 979 dignitate
1289 931 1354 974 sis,

166 996 338 1034 moleste
356 996 447 1041 tuli,
466 1001 509 1034 te
528 998 688 1034 senatui
705 998 856 1047 gratias
875 1009 957 1034 non
976 999 1119 1047 egisse,
1137 1011 1229 1036 cum
1248 1011 1356 1037 esses

160 1053 220 1104 ¹ab
240 1079 288 1104 eo
308 1065 449 1104 ordine
468 1070 632 1104 ornatus
652 1068 816 1103 summis
835 1065 1064 1105 honoribus.
1118 1066 1231 1106 Pacis
1249 1070 1357 1108 inter

168 1138 274 1174 cives
291 1135 564 1174 conciliandae
581 1141 624 1174 te
641 1135 832 1186 cupidum
851 1149 952 1182 esse,
968 1135 1110 1175 laetor.
1163 1137 1266 1175 Eam
1282 1140 1315 1176 si
1332 1151 1356 1176 a

167 1208 364 1244 servitute
380 1207 572 1256 seiungis‚
587 1205 770 1243 consules
788 1210 831 1243 et
845 1205 1090 1256 reipublicae
1107 1212 1151 1245 et
1165 1207 1355 1258 dignitati

166 1281 266 1314 tuae
284 1287 294 1321 ;
319 1277 382 1313 sin
393 1277 472 1313 ista
483 1288 563 1326 pax
575 1275 783 1325 perditum
795 1274 999 1313 hominem
1010 1277 1053 1314 in
1063 1280 1355 1327 possessionem

164 1346 493 1393 impotentissimi
517 1345 745 1383 dominatus
770 1347 1010 1383 restitutura
1035 1351 1111 1392 est,
1129 1345 1204 1385 hoc
1222 1349 1355 1387 animo

168 1417 269 1453 scito
303 1427 391 1453 esse
423 1427 562 1453 omnes
590 1427 722 1460 sanos,
750 1420 798 1453 ut
824 1420 1000 1452 mortem
1025 1417 1212 1454 servituti
1241 1423 1355 1456 ante-

130 1490 151 1523 2
168 1490 336 1536 ponant.
357 1484 504 1535 Itaque
517 1486 752 1535 sapientius,
764 1497 856 1523 meo
869 1485 1033 1535 quidem
1045 1485 1206 1532 iudicio,
1217 1485 1354 1534 facies,

169 1557 200 1594 si
229 1560 274 1593 te
301 1557 343 1592 in
370 1557 490 1592 istam
517 1554 838 1605 pacificationem
866 1556 947 1593 non
973 1557 1221 1606 interpones,
1249 1570 1354 1608 quae

169 1638 303 1677 neque
322 1627 481 1663 senatui
501 1637 635 1676 neque
658 1625 808 1676 populo
828 1638 903 1663 nec
923 1628 1110 1677 cuiquam
1136 1626 1240 1666 bono
1263 1641 1354 1679 pro-

170 1697 304 1735 batur.
355 1694 437 1734 Sed
472 1695 572 1733 haec
609 1695 747 1733 audies
784 1708 835 1733 ex
872 1695 956 1733 aliis
993 1702 1065 1734 aut
1099 1699 1246 1736 certior
1281 1698 1354 1738 fies

169 1766 328 1804 litteris.
381 1766 442 1804 Tu
463 1779 536 1817 pro
557 1771 630 1804 tua
650 1765 880 1816 prudentia,
903 1766 1000 1816 quid
1021 1768 1219 1817 optimum
1242 1767 1353 1808 factu

170 1839 237 1883 sit,
255 1837 421 1875 videbis.

176 1988 254 2028 886
