1448 2236
659 51 860 90 CICERO

164 154 316 201 videar,
339 155 448 206 quod
469 157 537 206 pie
559 161 696 194 tacere
718 169 800 194 non
820 157 983 207 possim.
1035 154 1099 193 Tu
1112 159 1274 200 autem,
1295 154 1351 190 mi

165 226 318 273 Cicero,
347 229 402 265 sic
430 227 530 266 haec
559 230 742 279 accipies,
771 233 831 274 ut,
859 230 942 267 sive
968 227 1249 279 probabuntur
1275 226 1351 264 tibi

165 302 248 338 sive
281 313 362 338 non
394 301 687 351 probabuntur,
722 301 773 339 ab
806 303 960 352 optimo
993 306 1105 339 certe
1139 302 1272 338 animo
1306 311 1352 336 ac

165 373 415 412 deditissimo
442 375 517 412 tibi
546 380 589 412 et
616 377 796 425 cogitata
825 380 869 412 et
895 376 1044 425 scripta
1073 386 1160 411 esse
1186 372 1351 410 iudices.

124 450 146 482 2
165 445 480 493 Animadvertis,
496 446 568 485 Cn.
586 439 823 498 Pompeium
838 460 914 485 nec
928 448 1098 485 nominis
1113 448 1187 491 sui,
1202 458 1278 483 nec
1290 457 1353 482 re-

162 531 252 556 rum
265 525 474 570 gestarum
487 519 626 571 gloria,
641 533 774 571 neque
790 522 914 558 etiam
926 532 1071 570 regum
1084 532 1131 557 ac
1144 520 1353 556 nationum

163 592 375 638 clientelis,
396 606 495 643 quas
516 598 723 631 ostentare
743 593 883 631 crebro
903 592 1074 636 solebat,
1095 604 1183 629 esse
1202 596 1352 635 tutum,

165 670 208 703 et
235 665 309 703 hoc
339 668 476 711 etiam,
505 665 614 717 quod
639 665 776 703 infimo
804 667 950 716 cuique
977 666 1162 716 contigit,
1189 663 1246 701 illi
1271 676 1353 702 non

160 750 279 788 posse
307 740 557 790 contingere,
587 743 634 776 ut
662 738 833 776 honeste
864 737 1041 789 effugere
1069 738 1209 788 possit,
1237 735 1353 787 pulso

164 810 298 857 Italia,
333 813 485 849 amissis
521 811 739 862 Hispaniis,
773 816 893 862 capto
929 812 1111 849 exercitu
1144 804 1351 852 veterano,

163 884 461 922 circumvallato
490 897 596 922 nunc
624 883 830 934 denique3
874 883 983 934 quod
1010 884 1145 920 nescio
1173 894 1226 920 an
1253 880 1352 919 nulli
1423 920 1426 923 ,

163 968 357 1007 umquam
383 962 520 995 nostro
547 956 740 994 acciderit
764 957 1011 1007 imperatori.
1064 954 1351 1002 Quamobrem,

164 1029 262 1079 quid
275 1034 346 1067 aut
358 1029 425 1067 ille
438 1042 601 1080 sperare
612 1031 740 1080 possit
753 1034 825 1066 aut
836 1034 897 1074 tu,
911 1030 1088 1066 animum
1101 1026 1268 1065 adverte
1277 1039 1351 1077 pro
1419 1061 1423 1066 .

162 1107 234 1140 tua
254 1102 472 1152 prudentia
489 1115 499 1148 3
534 1104 589 1140 sic
612 1104 720 1140 enim
740 1100 943 1146 facillime,
965 1100 1075 1152 quod
1094 1100 1170 1138 tibi
1191 1098 1351 1137 utilissi-

162 1187 275 1212 mum
295 1177 386 1220 erit,
405 1175 542 1213 consili
561 1177 709 1225 capies.
764 1174 869 1212 Illud
889 1179 1028 1212 autem
1045 1178 1090 1211 te
1107 1177 1220 1223 peto,
1238 1176 1300 1216 ut,
1318 1172 1351 1208 si

161 1249 243 1285 iam
267 1247 334 1285 ille
361 1249 574 1286 evitaverit
598 1247 674 1286 hoc
697 1246 922 1298 periculum
948 1251 992 1284 et
1015 1259 1059 1284 se
1085 1244 1286 1283 abdiderit
1308 1245 1350 1280 in

160 1319 344 1365 classem,
355 1326 403 1358 tu
414 1323 494 1359 tuis
505 1321 626 1358 rebus
638 1319 820 1358 consulas
833 1325 877 1358 et
889 1318 1104 1370 aliquando
1115 1317 1190 1355 tibi
1200 1318 1350 1368 potiuS,

163 1406 286 1444 quam
301 1395 439 1438 cuivis,
454 1396 506 1431 sis
523 1396 686 1431 amicus.
739 1391 999 1430 Satisfactum
1015 1396 1078 1429 est
1092 1393 1174 1428 iam
1189 1402 1214 1427 a
1226 1394 1272 1427 te
1285 1388 1351 1427 vel

160 1466 301 1512 officio,
318 1466 383 1504 vel
398 1465 677 1512 familiaritati,
694 1464 946 1503 satisfactum
965 1466 1089 1502 etiam
1104 1462 1288 1514 partibus
1306 1466 1350 1499 et

122 1543 143 1577 3
163 1541 201 1577 ei
215 1538 474 1590 reipublicae,
490 1552 613 1589 quam
628 1544 675 1577 tu
689 1538 902 1589 probabas.
955 1536 1172 1588 Reliquum
1187 1540 1265 1580 est,
1279 1534 1349 1572 ubi

160 1625 267 1650 nunc
299 1617 362 1650 est
391 1611 630 1662 respublica,
662 1612 718 1649 ibi
749 1613 871 1648 simus
902 1612 1052 1661 potius,
1083 1621 1220 1660 quam,
1250 1607 1347 1646 dum

159 1685 270 1723 illam
307 1690 490 1723 veterem
528 1697 758 1735 sequamur,
797 1685 918 1720 simus
956 1684 999 1720 in
1035 1681 1158 1720 nulla.
1211 1679 1347 1727 Quare

157 1758 292 1803 velim,
323 1760 380 1795 mi
412 1756 696 1795 iucundissime
729 1755 882 1799 Cicero,
914 1757 948 1792 si
978 1753 1085 1793 forte
1117 1753 1347 1804 Pompeius,

206 1902 222 1917 ⁶
246 1898 369 1930 Hence
398 1897 459 1930 the
484 1896 692 1930 nicknames
721 1894 865 1937 applied
894 1897 932 1928 to
965 1891 1345 1937 Pompey—-Sampsi-

158 1951 331 1979 cei-amus,
349 1941 682 1982 Hierosolymarius,
699 1938 934 1976 Arabarches,
950 1940 1016 1971 etc.

157 1997 233 2030 212
