1448 2236
682 57 883 97 CICERO

185 163 332 200 ordinis
361 165 547 213 princeps
577 168 686 201 esset
713 175 869 215 proque
897 176 991 202 mea
1019 164 1150 202 salute
1178 168 1371 204 acerrime

182 230 472 276 propugnaret,
494 237 520 261 a
542 224 714 262 Gabinio
742 225 904 263 consule
930 225 1135 278 relegatus
1165 233 1242 274 est,
1263 228 1372 279 quod

184 292 281 325 ante
307 287 349 325 id
374 292 535 337 tempus
562 289 637 324 civi
663 287 845 326 Romano
869 291 1041 340 contigit
1066 291 1230 327 nemini.
1283 289 1372 328 Hoc

182 362 277 387 cum
314 348 486 399 populus
526 348 731 387 Romanus
769 352 1014 396 meminerit,
1053 353 1253 401 meipsum
1291 364 1372 389 non

143 417 164 449 3
182 413 413 449 meminisse
443 413 719 461 turpissimum
751 416 826 450 est.
883 411 1142 463 Quapropter
1171 413 1371 463 persuade

183 473 272 518 tibi,
299 475 355 510 mi
381 473 522 518 Brute,
549 486 617 511 me
642 478 787 524 petere
813 479 1060 524 praeturam.
1114 474 1372 526 Quamquam

184 538 292 573 enim
324 534 466 572 Lamia
497 548 654 573 summo
685 535 912 585 splendore,
943 549 1100 574 summa
1130 539 1263 588 gratia
1295 542 1371 583 est,

180 596 577 648 magmficentissimo
598 610 768 634 munere
790 597 986 643 aedilicio,
1009 603 1162 643 tamen,
1185 601 1299 650 quasi
1322 612 1371 637 ea

179 661 239 697 ita
252 672 334 697 non
350 664 499 704 essent,
516 671 592 710 ego
607 661 764 709 suscepi
778 664 914 697 totum
927 662 1151 711 negotium.
1193 659 1322 707 Nunc,
1337 663 1370 698 si

179 734 246 759 me
274 723 380 759 tanti
406 720 519 765 facis,
548 723 690 771 quanti
717 726 829 759 certe
855 720 967 767 facis,
996 722 1158 772 quando
1186 725 1370 774 equitum

179 785 381 821 centurias
415 788 546 828 tenes,
579 785 622 820 in
655 786 743 834 quis
776 796 936 834 regnas,
968 785 1088 822 mitte
1121 783 1176 822 ad
1208 783 1370 836 Lupum

179 850 376 889 nostrum,
404 850 451 882 ut
478 847 510 882 is
538 845 652 882 nobis
683 858 750 882 eas
784 847 985 883 centurias
1019 845 1218 884 conficiat.
1277 846 1370 885 Non

178 907 331 945 tenebo
355 912 400 944 te
423 906 617 956 pluribus.
659 906 813 944 Ponam
828 909 871 944 in
887 912 1084 952 extremo,
1100 907 1210 958 quod
1223 911 1367 947 sentio.

179 968 289 1007 Nihil
317 973 393 1013 est,
414 968 554 1014 Brute,
575 981 669 1006 cum
697 971 831 1006 omm‘a
857 981 884 1006 a
911 974 955 1007 te
984 975 1231 1020 exspectem,
1259 971 1369 1022 quod

179 1030 277 1068 mihi
293 1033 448 1082 gratius
467 1029 601 1068 facere
618 1033 757 1080 possis.

713 1200 832 1239 XVII

492 1308 538 1334 M.
563 1308 602 1335 T.
629 1309 663 1335 C.
690 1309 722 1335 S.
748 1310 789 1334 D.
817 1309 946 1335 BRUTO
973 1309 1062 1336 IMP-

591 1391 738 1431 Romae,
755 1403 861 1425 nanc.
878 1394 956 1425 711.

139 1474 156 1506 1
229 1467 370 1506 Lamia
398 1481 477 1505 uno
507 1470 686 1505 omnium
713 1467 1019 1506 familiarissime
1048 1474 1152 1507 utor.
1210 1469 1365 1522 Magna

178 1533 263 1568 eius
287 1533 329 1567 in
351 1543 432 1575 me,
456 1542 537 1567 non
561 1530 649 1568 dico
673 1530 812 1576 officia,
837 1530 909 1568 sed
932 1533 1091 1576 merita,
1117 1543 1246 1582 eaque
1270 1538 1364 1570 sunt

176 1591 325 1643 populo
369 1591 550 1629 Romano
594 1594 813 1629 notissima.
885 1592 924 1630 Is
968 1592 1364 1644 magnificentissimo

229 1691 244 1706 ¹¹
266 1686 447 1728 Releyatio
468 1685 530 1719 did
556 1689 618 1719 not
641 1686 788 1724 involve,
812 1697 850 1719 as
878 1687 1039 1720 omilium
1061 1686 1134 1726 did,
1156 1687 1217 1721 the
1237 1687 1306 1722 loss
1327 1691 1368 1722 of
1427 1706 1429 1709 .

181 1729 262 1763 civil
277 1733 401 1763 status.

231 1772 244 1792 ¹³
267 1772 353 1805 This
373 1772 473 1805 letter
492 1783 532 1805 so
554 1771 684 1814 closely
706 1772 892 1805 resembles
912 1772 973 1805 the
991 1772 1183 1815 preceding
1204 1784 1272 1807 one
1291 1775 1364 1816 (16)

182 1815 260 1848 that
290 1817 317 1848 it
340 1815 455 1857 might
478 1815 523 1848 be
547 1826 569 1848 a
592 1815 769 1857 duplicate
794 1816 834 1848 of
859 1817 886 1848 it
910 1814 1024 1857 (binae
1048 1816 1162 1849 eodem
1185 1818 1363 1860 eaeemplo),

182 1858 376 1901 duplicates
389 1858 496 1900 being
507 1859 604 1891 often
616 1861 693 1891 sent
704 1861 740 1891 to
753 1859 906 1890 increase
917 1858 977 1890 the
989 1858 1138 1891 chances
1150 1860 1191 1891 of
1197 1859 1363 1902 delivery;

184 1913 224 1934 or
243 1903 270 1934 it
294 1912 378 1943 may
394 1901 439 1934 be
458 1901 536 1934 that
555 1901 624 1934 this
648 1911 720 1934 was
742 1902 879 1934 written
902 1900 977 1934 first
999 1901 1070 1934 and
1097 1903 1136 1934 16
1159 1901 1256 1942 later,
1280 1904 1364 1937 with

181 1944 312 1987 special
328 1945 503 1977 reference
517 1947 554 1977 to
571 1943 705 1986 Lupus.

182 1999 259 2036 472
