1448 2236
653 62 854 101 CICERO

155 167 332 210 nionem,
345 167 526 216 cognovi.
567 165 632 203 De
646 178 727 216 qua
740 168 817 204 etsi
830 179 911 204 non
924 166 1176 213 dubitabam,
1189 172 1343 214 tamen,

156 240 251 288 quia
284 240 450 275 maximi
483 239 764 284 aestimabam,
799 243 847 277 ut
879 241 1111 290 incorrupta
1145 246 1344 286 maneret,

154 309 402 348 laborabam.
453 309 643 348 Conscius
668 316 809 349 autem
833 311 932 349 mihi
957 324 1081 358 eram,
1106 312 1205 350 nihil
1228 326 1254 350 a
1277 326 1344 351 me

155 386 410 421 commissum
445 396 546 428 esse,
581 383 690 434 quod
722 384 818 422 boni
851 387 1087 436 cuiusquam
1121 385 1346 424 offenderet

154 458 347 493 animum.
387 456 448 493 Eo
461 459 592 494 minus
606 456 837 503 credebam,
849 457 1030 508 plurimis
1044 463 1170 509 atque
1183 460 1344 508 optimis

155 529 310 566 artibus
352 534 503 566 ornato·
536 529 611 566 tibi
652 534 809 567 temere
852 530 1073 582 quidquam
1112 531 1345 581 persuaderi

154 604 348 651 potuisse,
371 604 613 652 praesertim
635 604 678 639 in
702 615 824 653 quem
848 615 941 640 mea
963 605 1164 654 propensa
1189 609 1232 641 et
1254 616 1345 654 per-

152 679 280 725 petua
291 673 433 712 fuisset
445 679 571 725 atque
584 679 691 712 esset
702 675 1000 714 benevolentia.
1037 675 1159 724 Quod
1169 675 1345 728 quando,

153 752 201 784 ut
222 746 342 792 volui,
364 749 445 785 scio
468 759 570 792 esse,
591 747 846 797 respondebo
867 748 1111 794 criminibus,
1133 749 1277 800 quibus
1298 754 1346 787 tu

153 832 226 870 pro
242 832 322 864 me,
339 825 386 857 ut
401 832 475 870 par
493 825 595 864 erat,
611 825 684 857 tua
700 820 891 871 singulari
907 821 1092 859 bonitate
1110 826 1153 859 et
1168 823 1345 859 amicitia

115 896 135 928 2
153 897 305 937 nostra,
321 905 443 942 saepe
458 891 657 930 restitisti.
700 892 808 930 Nota
825 895 932 930 enim
947 893 1046 931 mihi
1060 899 1168 939 sunt,
1184 906 1289 945 quae
1303 896 1345 931 in

153 977 221 1002 me
250 970 345 1015 post
375 964 558 1003 Caesaris
588 970 764 1003 mortem
794 966 1052 1010 contulerint.
1109 966 1217 1005 Vitio
1247 966 1345 1004 mihi

154 1037 269 1083 dant,
289 1037 399 1089 quod
422 1043 597 1075 mortem
622 1037 792 1076 hominis
811 1041 1025 1076 necessarii
1048 1042 1227 1091 graviter
1244 1038 1345 1084 fero,

153 1116 280 1161 atque
311 1123 418 1156 eum,
449 1123 572 1162 quem
602 1110 738 1156 dilexi,
767 1114 934 1162 periisse
962 1111 1162 1164 indignor.
1218 1103 1346 1150 Aiunt

156 1186 263 1221 enim
287 1186 464 1233 patriam
486 1186 688 1241 amicitiae
710 1184 1040 1234 praeponendam
1052 1198 1162 1230 esse,
1177 1184 1346 1236 proinde

153 1268 201 1293 ac
235 1258 267 1293 si
301 1259 383 1293 iam
418 1259 599 1301 vicerint,
634 1245 790 1308 obitum
826 1259 910 1294 eius
943 1256 1190 1308 reipublicae
1222 1255 1346 1296 fuisse

154 1328 310 1367 utilem.
354 1328 436 1367 Sed
453 1342 535 1366 non
552 1342 674 1380 agam
691 1334 842 1367 astute.
887 1330 1049 1376 Fateor,
1067 1342 1134 1368 me
1151 1329 1206 1368 ad
1222 1333 1346 1368 istum

154 1401 327 1453 gradum
365 1404 589 1451 sapientiae
627 1415 709 1439 non
746 1404 990 1452 pervenisse.
1055 1401 1200 1453 Neque
1238 1405 1346 1440 enim

155 1473 371 1511 Caesarem
406 1476 449 1511 in
485 1474 732 1512 dissensione
768 1474 871 1512 civili
908 1487 997 1512 sum
1033 1480 1223 1520 secutus3
1273 1474 1348 1513 sed

155 1549 343 1592 amicum,
356 1559 602 1597 quamquam
613 1560 657 1584 re
670 1546 917 1592 offendebar,
929 1539 1069 1585 tamen
1080 1560 1161 1585 non
1173 1547 1345 1585 deserui:

155 1632 289 1670 neque
310 1619 462 1657 bellum
483 1632 675 1671 umquam
697 1620 825 1665 civile,
847 1625 918 1657 aut
941 1623 1066 1658 etiam
1085 1632 1248 1658 causam
1268 1620 1345 1658 dis-

156 1695 349 1730 sensionis
373 1693 554 1742 probavi,
579 1705 702 1743 quam
729 1695 853 1730 etiam
878 1698 1115 1730 nascentem
1142 1695 1345 1744 exstingui

156 1777 312 1802 summe
332 1765 482 1803 studui.
529 1765 676 1816 Itaque
695 1767 737 1802 in
756 1767 923 1803 victoria
942 1764 1112 1803 hominis
1131 1767 1345 1803 necessarii

156 1850 290 1888 neque
308 1837 467 1875 honoris
485 1850 618 1888 neque
636 1840 832 1887 pecuniae
851 1836 1064 1875 dulcedine
1082 1851 1171 1875 sum
1189 1842 1344 1887 captus,

155 1911 301 1962 quibus
319 1913 508 1964 praemiis
527 1910 685 1962 reliqui,
705 1912 835 1948 minus
855 1909 965 1960 apud
985 1923 1092 1956 eum,
1112 1922 1234 1962 quam
1254 1921 1344 1961 ego,

156 2009 234 2044 504
