1448 2236
699 60 901 99 CICERO
940 105 946 109 ι

204 164 279 202 tibi
303 177 463 203 mecum
487 178 512 203 a
534 170 652 215 patre
677 170 887 216 acceptam
910 178 1092 211 renovas,
1116 171 1280 217 gratum
1304 171 1394 213 est3

206 239 311 276 quae
327 229 499 265 societas
515 229 622 264 inter
638 240 709 264 nos
725 240 899 277 semper,
914 229 970 265 mi
986 227 1183 272 Cornifici,
1199 228 1393 265 manebit.

207 286 380 326 Gratum
408 291 533 326 etiam
559 288 671 334 illud,
699 289 808 339 quod
833 289 932 326 mihi
957 294 1030 328 tuo
1056 291 1217 327 nomine
1243 291 1393 340 gratias

207 350 386 400 agendas
404 363 486 388 non
502 356 623 401 putas
641 362 652 396 ;
684 363 759 388 nec
777 353 885 388 enim
902 350 944 388 id
961 353 1068 388 inter
1084 363 1156 388 nos
1174 349 1308 388 facere
1325 350 1393 388 de-

206 411 362 450 bemus.
415 411 589 450 Senatus
606 415 764 462 saepius
780 425 853 462 pro
869 412 1070 463 dignitate
1086 418 1159 450 tua
1174 410 1393 463 appellare-

206 478 287 519 tur,
310 476 357 520 si,
382 474 617 512 absentibus
641 473 882 520 consulibus,
905 487 1111 525 umquam,
1135 475 1211 512 nisi
1233 473 1287 512 ad
1307 485 1392 510 rem

206 548 366 582 novam,
398 541 625 587 cogeretur.
680 535 826 587 Itaque
858 549 932 574 nec
955 535 1007 574 de
1029 534 1098 573 HS
1129 547 1206 581 xx„
1237 547 1312 573 nec
1342 533 1393 572 de

206 595 275 635 HS
307 610 406 643 nce„
439 598 660 649 quidquam
689 600 756 649 agi
787 611 893 635 nunc
923 610 997 648 per
1027 603 1214 636 senatum
1244 600 1393 648 potest.

205 658 295 697 Tibi
308 665 446 698 autem
460 673 512 698 ex
525 665 691 698 senatus
703 659 885 698 consulto
896 659 1177 710 imperandum
1190 663 1395 697 mutuum-

167 726 188 759 3
206 734 286 772 que
315 721 557 760 sumendum
585 734 744 760 censeo.
798 721 847 759 In
874 720 1080 772 republica
1107 720 1204 772 quid
1236 724 1393 772 agatur,

205 783 326 822 credo
345 789 389 821 te
410 796 461 822 ex
483 796 621 822 eorum
640 783 786 821 litteris
805 796 1060 834 cognoscere,
1081 785 1148 834 qui
1169 782 1222 821 ad
1239 787 1283 820 te
1302 785 1394 819 aeta

205 845 359 883 debent
388 846 649 895 perscribere.
702 844 791 896 Ego
821 858 909 882 sum
939 857 1011 895 spe
1041 845 1175 889 bona3
1218 841 1392 887 consilio,

204 920 313 952 cura,
354 906 492 945 labore
534 920 615 945 non
657 907 799 945 desum
818 918 827 951 ;
884 906 1068 944 omnibus
1109 907 1278 943 inimicis
1317 905 1392 941 rei-

204 968 389 1019 publicae
418 982 506 1007 esse
532 981 599 1006 me
627 971 865 1006 acerrimum
892 967 1051 1006 hostem
1075 980 1174 1018 prae
1200 978 1267 1004 me
1293 964 1392 1004 fero.

205 1029 284 1068 Res
315 1043 448 1081 neque
478 1043 583 1068 nunc
613 1029 757 1068 difficili
786 1029 874 1068 loco
903 1029 1001 1067 mihi
1029 1029 1189 1068 videtur
1219 1040 1319 1072 esse,
1349 1031 1394 1065 et

204 1091 348 1130 fuisset
368 1091 570 1138 facillimo,
589 1094 622 1130 si
641 1091 760 1142 culpa
779 1105 803 1130 a
823 1091 1063 1142 quibusdam
1083 1088 1291 1129 abfuisset.

729 1261 868 1298 XXIX

488 1378 533 1404 M.
551 1378 590 1404 Τ.
608 1378 643 1403 C.
661 1377 693 1403 S.
713 1378 750 1403 Ρ.
769 1378 808 1403 D.
828 1378 865 1407 Q.
884 1376 1110 1403 CORNIFICIO

618 1460 764 1499 Romae,
782 1470 887 1493 A.u.c.
905 1462 983 1493 711.

167 1551 184 1584 1
256 1546 348 1584 Non
373 1546 494 1584 modo
521 1545 609 1590 tibi,
636 1548 700 1583 eui
727 1547 861 1583 omnia
887 1550 1025 1584 nostra
1050 1546 1257 1582 notissima
1282 1547 1390 1588 sunt,
1446 1590 1448 1593 ι

205 1609 277 1647 sed
296 1610 500 1646 neminem
518 1610 560 1645 in
578 1606 725 1657 populo
745 1606 926 1644 Romano
947 1606 1118 1644 arbitror
1135 1618 1237 1651 esse,
1256 1607 1320 1642 cui
1337 1607 1390 1642 sit

252 1703 376 1735 “Two
395 1705 529 1745 grants,
549 1712 596 1734 no
615 1701 728 1734 doubt
745 1700 800 1734 for
819 1700 983 1734 different
1001 1710 1183 1743 purposes,
1201 1699 1258 1732 for
1275 1698 1388 1732 which
1444 1704 1448 1747 2

208 1745 416 1780 Cornificius
433 1745 505 1778 had
521 1744 676 1787 applied.

255 1790 268 1810 ⁶
294 1788 474 1831 Probably
511 1755 593 1821 thep
608 1787 730 1821 deci-ee
767 1786 938 1829 annually
975 1785 1106 1829 passed
1141 1785 1204 1820 do
1220 1783 1389 1819 ornandis
1444 1782 1448 1811 ἶ

205 1832 400 1874 provinciis
416 1831 668 1864 consularibus.

255 1875 348 1908 ⁰He
369 1874 545 1918 probably
566 1883 688 1907 means
707 1872 871 1912 Calenus,
891 1872 984 1911 Piso,
1002 1866 1180 1911 Servilius,
1198 1870 1270 1904 and
1290 1869 1389 1904 other

207 1921 405 1960 opponents
421 1917 461 1950 of
473 1918 538 1950 his.

211 1968 287 2008 612
