1448 2236
646 67 847 107 CICERO

147 171 354 220 postridie.
409 171 488 217 Ita,
506 171 673 210 Caninio
690 172 866 218 consule,
883 175 984 211 scito
999 175 1205 212 neminem
1220 185 1338 224 pran-
1383 187 1389 194 ⁸

146 230 266 269 disse.
321 231 428 268 Nihil
467 237 608 270 tamen
647 245 696 270 eo
734 232 896 271 consule
935 232 1029 270 mali
1067 232 1222 271 factum
1261 238 1336 271 est.

151 290 244 328 Fuit
274 293 381 328 enim
407 292 574 329 mirifica
592 291 813 343 vigilantia,
834 295 902 343 qui
928 306 1000 331 suo
1019 298 1108 331 toto
1127 292 1336 331 consulatu

105 355 127 388 2
145 362 331 387 somnum
362 364 444 388 non
475 351 633 389 viderit.
687 351 801 390 Haec
832 353 907 390 tibi
937 352 1104 390 ridicula
1134 352 1336 390 videntur.

147 409 238 446 Non
279 413 387 448 enim
426 411 552 456 ades3
607 424 712 462 quae
752 414 782 450 si
824 412 994 458 videres,
1033 411 1215 450 lacrimas
1254 425 1336 450 non

146 474 321 508 teneres.
376 470 495 518 Quid‘
527 474 558 509 si
588 477 725 509 cetera
754 473 957 510 scribam?
1010 471 1114 510 Sunt
1143 475 1250 510 enim
1278 474 1336 509 in-

145 530 410 567 numerabilia
429 533 589 581 generis
609 532 789 570 eiusdem
808 544 818 577 ;
851 545 956 583 quae
976 532 1140 583 quidem
1161 545 1236 583 ego
1255 545 1335 569 non

144 587 308 634 ferrem,
333 592 408 628 nisi
433 603 500 628 me
524 593 566 628 in
590 591 866 642 philosophiae
890 597 1053 642 portum
1078 591 1334 630 contulissem

147 653 190 686 et
212 651 287 687 nisi
310 649 504 688 haberem
527 653 678 688 socium
700 651 924 689 studiorum
946 665 1129 690 meorum
1151 651 1334 690 Atticum

145 714 355 754 nostrum3
406 712 517 747 cuius
555 711 716 761 quando
752 713 958 762 proprium
993 717 1038 750 te
1075 724 1162 749 esse
1198 711 1333 750 scribis

144 771 344 819 mancipio
369 775 412 808 et
436 783 558 818 nexu,
582 784 719 808 meum
742 777 883 809 autem
906 784 981 809 usu
1005 776 1049 809 et
1070 770 1220 817 fructu,
1242 784 1334 809 con-

144 833 284 866 tentus
315 832 393 867 isto
424 843 525 868 sum.
581 830 629 869 Id
660 833 768 868 enim
799 836 862 869 est
893 833 1085 881 cuiusque
1114 833 1333 882 proprium,

144 901 224 938 quo
257 891 428 940 quisque
460 889 606 927 fruitur
639 896 764 941 atque
797 893 939 928 utitur.
991 890 1072 929 Sed
1104 890 1205 929 haec
1236 890 1332 928 alias

104 954 125 987 3
142 947 336 998 pluribus.
390 949 554 994 Acilius,
584 953 652 1000 qui
679 952 721 987 in
750 949 965 996 Graeciam·
989 963 1082 988 cum
1109 949 1332 1001 legionibus

143 1010 286 1046 missus
309 1014 384 1052 est,
406 1012 582 1046 maximo
603 1022 695 1047 meo
716 1009 912 1048 beneficio
934 1015 1024 1055 est3
1059 1010 1120 1048 bis
1143 1012 1250 1048 enim
1270 1015 1333 1048 est

143 1079 169 1104 a
197 1080 264 1105 me
293 1068 438 1106 iudicio
468 1071 624 1119 capitis,
653 1069 774 1107 rebus
803 1068 934 1114 salvis,
964 1068 1168 1115 defensus,
1198 1074 1242 1107 et
1271 1074 1332 1107 est
1439 1113 1444 1123 ἢ

144 1125 265 1164 homo
281 1141 363 1165 non
378 1129 560 1178 ingratus
578 1141 726 1179 meque
743 1128 1008 1166 vehementer
1024 1129 1224 1167 observat.
1267 1128 1333 1166 Ad
1437 1125 1448 1165 ἰ

146 1199 238 1224 eum
264 1186 317 1225 de
344 1192 387 1225 te
413 1187 719 1238 diligentissime
746 1190 896 1238 scripsi,
921 1201 1092 1239 eamque
1119 1187 1332 1238 epistulam
1438 1179 1448 1197 ²

144 1258 236 1283 curn
267 1245 343 1284 hac
374 1249 590 1292 coniunxi3
637 1260 759 1298 quam
790 1247 857 1285 ille
889 1247 1090 1297 quomodo
1131 1249 1332 1298 acceperit

146 1309 189 1342 et
208 1305 306 1355 quid
324 1305 399 1343 tibi
417 1305 616 1356 pollicitus
636 1308 701 1352 sit,
721 1305 842 1344 velim
860 1306 913 1345 ad
931 1319 998 1344 me
1016 1306 1177 1344 scribas.

669 1454 808 1492 XXXI

533 1574 673 1599 CICERO
700 1574 731 1600 S.
760 1574 799 1600 D.
827 1574 946 1600 cumo

558 1655 706 1695 Romae,
723 1667 829 1689 A.U.c.
847 1658 925 1689 710.

106 1746 124 1780 1
195 1739 328 1777 Facile
369 1742 558 1791 perspexi
603 1752 654 1778 ex
696 1742 776 1778 tuis
820 1740 979 1786 litteris,
1023 1740 1131 1791 quod
1173 1753 1332 1791 semper

145 1799 295 1844 studui,
312 1804 355 1837 et
370 1812 436 1837 me
451 1812 476 1836 a
490 1804 534 1836 te
548 1798 708 1849 plurimi
725 1799 811 1836 fieri
826 1804 869 1837 et
884 1804 927 1837 te
940 1799 1194 1850 intellegere,
1210 1812 1329 1850 quam

193 1914 209 1930 ⁰
231 1908 298 1943 See
315 1913 396 1943 note
410 1921 428 1943 c
443 1921 489 1943 on
504 1911 563 1943 vii.
579 1912 635 1943 29.
656 1913 685 1943 1.
735 1909 768 1942 It
783 1910 812 1942 is
830 1913 867 1943 to
883 1910 956 1942 him
972 1909 1050 1942 that
1065 1909 1217 1943 Cicero’s
1232 1909 1332 1943 letter

146 1953 398 1995 commending
417 1953 482 1986 M'.
499 1952 626 1986 Curius
642 1953 728 1996 (xiii.
745 1952 803 1995 50)
821 1954 850 1986 is
865 1952 1067 1986 addressed.

152 2008 200 2046 88
