1448 2236
712 53 914 91 CICERO

219 163 339 203 esset,
360 157 486 195 talem
507 157 716 202 habemus,
738 163 784 195 ut
802 157 978 196 libenter
997 170 1159 209 quoque
1178 158 1404 210 diligamus.

178 216 198 247 2
218 212 298 259 Qui
323 225 415 248 cum
441 211 539 248 mihi
563 213 606 248 in
631 223 816 249 sermone
841 213 1044 249 iniecisset
1067 224 1112 249 se
1137 211 1240 250 velle
1266 212 1404 250 Asiam

218 268 358 310 visere,
383 278 463 302 non
487 264 606 302 modo
629 267 837 310 invitatus,
860 265 934 303 sed
957 267 1082 302 etiam
1104 271 1270 316 rogatus
1294 271 1358 304 est
1381 279 1406 303 a

217 332 297 364 me,
320 324 367 356 ut
388 319 430 356 id
451 320 704 368 potissimum
727 319 840 356 nobis
863 318 1140 356 obtinentibus
1161 321 1405 369 provinciam

217 371 384 410 faceret.
438 371 512 409 Cui
532 385 603 409 nos
625 377 668 409 et
688 374 858 409 caritate
879 377 923 410 et
943 385 1078 410 amore
1098 378 1216 410 tuum
1234 372 1405 410 officium

217 431 492 476 praestaturos
514 438 595 463 non
617 425 742 463 debes
764 425 964 463 dubitare.
1019 425 1124 464 Illud
1145 438 1306 477 quoque
1329 429 1406 464 erit

218 480 331 517 nobis
354 492 488 524 curae,
511 484 558 516 ut
581 479 796 529 Cratippus
819 492 900 516 una
921 492 1014 516 cum
1037 492 1086 517 eo
1108 481 1174 524 sit,
1198 493 1249 517 ne
1272 485 1405 530 putes,

216 537 259 571 in
289 530 386 571 Asia
416 532 607 570 feriatum
637 532 749 570 illum
781 532 832 570 ab
861 535 909 570 iis
940 532 1096 578 studiis,
1126 535 1168 570 in
1198 546 1303 584 quae
1334 539 1406 571 tua

217 587 495 625 cohortatione
508 589 713 631 incitatur,
726 585 922 624 futurum.
962 585 1067 623 Nam
1079 586 1191 624 illum
1204 592 1405 637 paratum,

218 647 264 679 ut
295 641 426 685 video,
458 646 502 678 et
531 642 756 690 ingressum
786 639 907 689 pleno
937 639 1066 691 gradu
1097 640 1296 678 cohortari
1326 653 1406 678 non

218 697 548 738 intermittemus,
582 707 661 744 quo
692 696 734 731 in
765 693 851 731 dies
882 692 1039 744 longius
1071 694 1262 732 discendo
1293 707 1406 732 exer-

178 754 198 786 3
218 748 427 798 cendoque
440 761 484 785 se
496 747 704 797 procedat.
743 746 823 784 Vos
837 747 934 797 quid
947 749 1121 798 ageretis
1134 750 1176 784 in
1187 747 1405 797 republica,

217 815 309 839 cum
340 802 411 839 has
441 801 598 839 litteras
630 801 792 845 dabam,
823 814 904 837 non
934 801 1123 838 sciebam.
1176 801 1406 839 Audiebam

218 855 419 906 quaedam
445 854 694 898 turbulenta,
721 866 826 904 quae
854 853 1006 891 scilicet
1031 856 1148 904 cupio
1175 867 1263 892 esse
1291 853 1405 899 falsa,

218 915 264 947 ut
301 908 515 959 aliquando
551 910 681 945 otiosa
715 907 905 945 libertate
941 906 1121 944 fruamur
1138 919 1149 952 ;
1199 907 1308 958 quod
1342 907 1406 946 vel

217 965 383 999 minime
407 962 506 999 mihi
530 961 661 998 adhuc
685 963 869 1011 contigit.
922 960 1011 1012 Ego
1034 966 1175 999 tamen
1199 967 1341 999 nactus
1364 964 1406 998 in

218 1018 476 1067 navigatione
508 1020 645 1052 nostra
680 1014 869 1064 pusillum
906 1013 1142 1059 laxamenti,
1173 1017 1405 1052 concinnavi

218 1070 293 1107 tibi
319 1068 601 1106 munusculum
628 1081 679 1105 ex
705 1070 893 1105 instituto
919 1081 1024 1113 meo,
1052 1073 1095 1105 et
1121 1068 1288 1113 dictum,
1314 1081 1405 1106 cum

218 1136 366 1174 magno
386 1128 522 1160 nostro
541 1122 691 1159 honore
711 1135 735 1158 a
753 1127 796 1159 te
815 1122 982 1166 dictum,
1001 1120 1175 1159 conclusi
1194 1127 1238 1159 et
1255 1122 1330 1159 tibi
1347 1124 1406 1159 in-

218 1176 279 1226 fra
296 1177 523 1226 subscripsi,
577 1175 626 1212 In
643 1175 787 1226 quibus
805 1174 1006 1212 versiculis
1022 1177 1056 1212 si
1073 1175 1148 1213 tibi
1165 1175 1406 1225 quibusdam

219 1230 349 1267 verbis
375 1228 764 1278 εὐθυρρημονὲστερος
784 1229 962 1273 videbor,
982 1228 1192 1278 turpitudo
1209 1241 1405 1278 personae

219 1287 318 1328 eius,
350 1286 392 1320 in
433 1296 556 1333 quam
591 1281 754 1319 liberius
790 1282 1028 1326 invehimur,
1061 1294 1132 1319 nos
1173 1282 1405 1320 vindicabit.

219 1337 408 1388 Ignosces
431 1339 556 1374 etiam
577 1336 807 1374 iracundiae
829 1340 1004 1379 nostrae,
1027 1347 1132 1385 quae
1152 1337 1259 1373 iusta
1281 1341 1345 1374 est
1363 1337 1406 1373 in

220 1390 415 1428 eiusmodi
445 1396 489 1428 et
517 1390 698 1427 homines
728 1394 772 1427 et
796 1391 916 1426 cives.
980 1388 1154 1433 Deinde,
1181 1391 1250 1439 qui
1276 1391 1405 1440 magis

269 1505 285 1521 ⁰
309 1500 431 1534 Cicero
453 1499 658 1533 considered
681 1499 871 1542 Cratippus
893 1499 954 1533 the
974 1498 1117 1542 leading
1140 1499 1350 1542 Peripatetic
1369 1500 1410 1534 of

223 1544 283 1577 the
298 1543 382 1586 day,
397 1542 470 1576 and
486 1542 557 1575 had
573 1545 638 1585 put
653 1543 707 1575 his
723 1554 787 1576 son
805 1542 917 1575 under
931 1543 985 1575 his
1000 1543 1129 1575 tuition
1145 1543 1182 1575 in
1199 1543 1346 1577 Athens.

270 1587 283 1608 ὓ
307 1586 467 1627 Antony,
482 1597 529 1619 on
545 1585 662 1618 whom
676 1585 737 1618 the
750 1586 996 1618 munusculum
1011 1595 1082 1618 was
1097 1596 1143 1618 an
1159 1585 1292 1619 attack.

271 1634 283 1650 ⁶
309 1629 349 1663 C.
373 1628 541 1667 Lucilius,
562 1628 653 1661 born
674 1629 710 1661 in
735 1630 798 1661 148
821 1639 885 1661 ιο.
934 1629 985 1661 As
1006 1639 1028 1660 a
1050 1628 1191 1660 Roman
1211 1630 1343 1663 satirist
1362 1629 1406 1663 he

222 1672 386 1705 followed
396 1672 456 1705 the
466 1671 537 1705 Old
547 1671 644 1704 Attic
653 1670 823 1712 Comedy,
831 1670 903 1703 and
913 1671 967 1703 his
977 1670 1067 1746 sil-‚yle
1075 1681 1148 1703 was
1153 1671 1406 1714 subsequently

223 1715 417 1757 developed
448 1715 498 1757 by
530 1715 681 1752 Horace,
714 1713 864 1751 Persius,
896 1713 968 1745 and
1025 1713 1164 1746 uvenal.
1211 1714 1269 1747 He
1299 1719 1406 1748 wrote

223 1759 334 1800 thirty
354 1757 470 1791 books
491 1757 531 1790 of
548 1759 681 1795 satires‚
703 1756 743 1790 of
759 1757 874 1789 which
895 1766 992 1789 some
1012 1756 1110 1789 three
1129 1756 1292 1789 hundred
1311 1757 1406 1800 frag-

224 1805 338 1835 ments
356 1801 445 1834 have
462 1800 551 1833 been
569 1799 764 1843 preserved.
811 1799 878 1832 His
895 1798 1127 1844 versification
1145 1801 1174 1832 is
1191 1800 1317 1842 rough,
1333 1801 1406 1834 and

224 1845 278 1877 his
297 1844 438 1877 attacks
458 1854 555 1886 upon
574 1843 634 1876 the
653 1844 745 1876 vices
764 1841 805 1875 of
820 1842 874 1875 his
893 1843 1189 1884 contemporaries
1208 1853 1268 1876 are
1287 1853 1406 1877 coarse

223 1887 295 1920 and
312 1887 475 1925 virulent,
494 1886 559 1919 but
577 1886 617 1918 of
632 1886 686 1919 his
703 1896 837 1929 powers
855 1896 894 1918 as
912 1896 934 1917 a
952 1887 1083 1918 satirist
1099 1885 1196 1918 there
1213 1896 1280 1918 can
1298 1886 1342 1919 be
1359 1898 1406 1920 no

224 1932 396 1973 question.

228 1985 303 2023 578
