1448 2236
691 77 892 116 CICERO

154 185 175 217 3
194 179 381 217 obsideri.
435 179 564 218 Huius
594 182 653 218 rei
682 183 842 226 timore,
870 186 1008 231 patres
1037 184 1264 232 conscripti,
1294 195 1383 232 per-

193 235 309 277 citus,
348 235 512 270 iniurias
550 236 710 283 perpeti
749 239 806 279 et,
845 247 937 272 cum
975 235 1220 273 contumelia
1259 238 1383 273 etiam

195 292 346 331 nostra,
392 289 527 324 omnia
572 290 681 337 prius
729 290 902 338 experiri
947 288 1085 326 malui.
1138 288 1284 340 Itaque
1331 289 1383 327 ad

193 340 351 378 illorum
394 340 647 378 voluntatem
690 341 942 379 introductus
985 344 1028 379 in
1070 343 1212 380 urbem
1255 348 1300 380 et
1339 345 1382 380 in

194 399 382 431 senatum
409 406 561 439 eorum,
587 407 710 445 quam
735 394 1041 446 diligentissime
1065 398 1194 446 potui,
1219 408 1382 434 causam

193 447 438 497 reipublicae
469 450 535 499 egi
563 447 867 499 periculumque
897 461 1031 494 omne,
1061 449 1169 500 quod
1197 451 1381 494 instaret,

193 503 226 538 si
253 500 320 538 ille
348 500 452 539 latro
480 514 572 538 cum
599 502 783 539 omnibus
812 504 892 540 suis
920 515 1043 540 naves
1071 503 1381 547 conscendisset,

194 556 375 604 exposui.
429 553 604 593 Rhodios
625 561 764 593 autem
783 561 902 593 tanta
919 558 963 593 in
981 558 1183 606 pravitate
1203 556 1382 594 animad-

194 610 311 653 verti,
332 612 380 645 ut
400 621 539 646 omnes
561 608 753 646 firmiores
774 614 982 659 putarent,
1003 622 1126 660 quam
1146 610 1272 648 bonos
1290 621 1300 655 ;
1335 615 1382 647 ut

194 661 297 698 hanc
315 662 568 699 concordiam
586 668 630 700 et
647 665 984 713 conspirationem
1001 666 1180 701 omnium
1198 663 1381 701 ordinum

194 715 247 752 ad
269 713 570 753 defendendam
588 715 821 754 libertatem
843 729 1042 767 propense
1065 730 1146 754 non
1168 717 1381 755 crederent

194 781 281 805 esse
294 767 465 813 faetam3
488 775 535 807 ut
549 771 790 819 patientiam
802 775 966 808 senatus
979 775 1023 808 et
1035 772 1176 820 optimi
1188 772 1380 821 cuiusque

192 835 357 859 manere
379 825 504 860 etiam
525 836 631 860 nunc
651 823 913 868 confiderent,
935 836 1010 861 nec
1030 826 1210 874 potuisse
1231 823 1380 862 audere

193 888 440 926 quemquam
458 875 712 914 Dolabellam
730 877 888 914 hostem
904 877 1082 915 iudicare
1099 889 1109 922 3
1141 882 1188 915 ut
1204 877 1380 927 denique

193 931 340 974 omnia,
371 942 477 979 quae
506 930 678 979 improbi
708 929 931 980 fingebant,
961 933 1089 982 magis
1119 943 1215 968 vera
1245 932 1380 968 existi-

192 987 366 1028 marent,
386 996 508 1033 quam
527 996 632 1034 quae
651 996 746 1021 vere
763 982 873 1021 facta
892 989 1009 1022 erant
1027 989 1071 1022 et
1089 997 1114 1022 a
1130 984 1244 1022 nobis
1263 984 1380 1022 doee-

155 1041 176 1071 4
194 1036 356 1073 bantur.
409 1035 501 1083 Qua
521 1042 660 1075 mente
682 1039 806 1075 etiam
828 1043 923 1075 ante
944 1043 1125 1075 nostrum
1147 1037 1379 1082 adventum,

193 1095 286 1139 post
315 1088 491 1127 Treboni
521 1091 839 1141 indignissimam
869 1091 1037 1129 caedem
1067 1096 1286 1142 ceteraque
1315 1096 1380 1129 tot

193 1149 362 1193 tamque
410 1142 565 1181 nefaria
607 1143 797 1189 facinora,
841 1145 961 1182 binae
1007 1143 1215 1195 profectae
1263 1149 1380 1182 erant

194 1196 246 1234 ad
279 1196 533 1234 Dolabellam
565 1196 790 1248 legationes
823 1211 975 1243 eorum,
1006 1203 1049 1236 et
1081 1198 1245 1249 quidem
1277 1211 1379 1235 novo

194 1249 394 1300 exemplo,
414 1256 554 1288 contra
572 1250 683 1302 leges
702 1253 892 1300 ipsorum,
907 1251 1212 1301 prohibentibus
1230 1253 1292 1297 iis,
1311 1253 1380 1302 qui
1446 1294 1448 1296 ,

193 1309 282 1341 tum
314 1306 575 1355 magistratus
606 1305 833 1355 gerebant3
867 1304 970 1342 hac1
1005 1305 1104 1356 (sive
1136 1307 1294 1350 timore,
1333 1310 1380 1342 ut
1446 1314 1448 1316 ’

193 1357 397 1402 dictitant,
426 1357 478 1395 de
506 1359 625 1408 agris,
654 1370 754 1408 quos
781 1361 823 1395 in
850 1361 1074 1396 continenti
1101 1358 1268 1403 habent,
1295 1360 1379 1396 sive

192 1409 340 1456 furore,
363 1413 447 1448 sive
474 1411 678 1461 potentia²
705 1424 937 1461 paucorum,
965 1414 1034 1462 qui
1066 1417 1109 1449 et
1141 1417 1264 1449 antea
1291 1413 1378 1461 pari
1446 1448 1448 1453 ⁴

192 1463 437 1501 contumelia
481 1467 583 1502 viros
629 1464 863 1503 clarissimos
909 1464 1140 1510 affecerant,
1187 1470 1230 1502 et
1273 1477 1379 1502 nunc
1440 1471 1448 1482 ¹

242 1540 255 1560 ¹
279 1551 325 1574 sc.
342 1544 460 1574 mente
475 1540 672 1575 Lehmann.
695 1542 877 1584 gerebant.
926 1542 996 1575 Hic
1012 1541 1125 1575 Orelli
1140 1542 1212 1575 and
1230 1542 1378 1585 Madviy

196 1583 296 1616 Haec
321 1607 330 1616 .
357 1607 365 1616 .
393 1607 401 1616 .
427 1583 559 1616 mederi
583 1607 592 1616 .
617 1606 629 1618 .
653 1606 664 1617 .
688 1585 887 1618 noluerunt.
907 1584 988 1628 Oxs.
1009 1585 1102 1618 Text.

192 1627 446 1712 Objwlzatientia
475 1627 539 1661 Μ.
583 1627 720 1669 Tyrrell
746 1629 840 1661 takes
868 1639 1064 1670 paucorum
1090 1639 1130 1660 as
1155 1638 1232 1670 qen.
1257 1628 1301 1670 os
1326 1628 1380 1660 the

240 1745 301 1777 ⁰2¹.
304 1755 345 1782 e„
375 1744 462 1786 they
491 1743 668 1777 reckoned
703 1743 798 1777 from
834 1747 914 1786 past
955 1746 1158 1787 experience
1197 1744 1275 1778 that
1314 1745 1375 1778 the

196 1786 394 1821 Senatorial
409 1790 516 1829 party
530 1786 600 1820 had
624 1786 759 1820 neither
779 1787 840 1820 the
863 1797 980 1829 power
998 1798 1064 1820 nor
1083 1787 1144 1820 the
1159 1787 1246 1821 wish
1266 1790 1305 1821 to
1326 1787 1374 1822 do

195 1830 391 1906 anysslrrge
423 1872 612 1905 embassies
644 1882 735 1905 were
765 1875 843 1905 sent
874 1872 1015 1914 hythe
1048 1872 1214 1906 Rhodian
1245 1872 1375 1906 Senate

193 1915 338 1957 (βουλή),
360 1915 451 1954 who,
473 1915 556 1948 with
577 1915 638 1947 the
657 1914 793 1957 people,
814 1925 948 1957 appear
967 1919 1005 1948 to
1027 1915 1117 1949 have
1136 1915 1291 1957 adopted
1319 1916 1379 1949 the

192 1969 297 1991 cause
322 1958 362 1991 of
384 1957 676 1991 Dolabella—the
701 1957 830 1992 Senate
855 1959 1007 2001 perhaps
1032 1961 1095 1991 not
1118 1969 1204 2001 very
1229 1958 1373 2002 willing,

192 2014 269 2051 570
