1448 2236
651 67 852 108 CICERO

156 178 202 211 et
227 175 503 211 inconstantes
529 174 743 211 recitasset
767 171 926 212 litteras
955 172 1113 224 Lepidi.
1165 173 1249 214 Sub
1276 188 1344 214 eas

155 248 295 284 statim
317 248 514 284 recitatae
537 251 632 284 sunt
653 251 764 291 tuae,
787 260 868 284 non
890 249 976 287 sine
998 249 1155 298 magnis
1178 248 1343 298 quidem

154 325 407 363 clamoribus.
461 323 564 362 Cum
585 325 706 362 rebus
729 327 838 363 enim
858 327 953 376 ipsis
977 331 1113 364 essent
1135 331 1179 364 et
1200 307 1355 365 studiis.

153 397 441 448 beneficiisque
459 399 502 435 in
520 397 814 448 rempublicam
833 400 1100 449 gratissimae,
1119 404 1208 437 tum
1229 406 1344 439 erant

153 473 396 523 gravissimis
426 471 557 509 verbis
588 484 634 508 ac
663 474 889 510 sententiis.
943 471 1150 523 Flagitare
1178 478 1343 512 senatus

153 547 304 583 institit
325 543 564 589 Cornutum,
585 549 632 582 ut
652 542 826 583 referret
846 547 986 583 statim
1007 544 1060 583 de
1079 547 1160 583 tuis
1181 543 1343 585 litteris.

156 618 243 663 Ille,
278 630 323 656 se
356 617 611 656 considerare
644 617 761 657 velle.
815 617 918 655 Cum
953 620 992 656 ei
1023 631 1218 669 magnum
1251 632 1344 658 con-

152 694 299 730 vicium
317 690 436 729 fieret
453 696 599 729 cuncto
619 703 643 728 a
660 695 825 737 senatu,
843 693 1023 742 quinque
1039 691 1191 730 tribuni
1209 691 1344 742 plebei

152 764 394 803 retulerunt.
447 763 635 801 Servilius
652 769 818 815 rogatus
835 777 922 802 rem
938 764 1097 802 distulit
1115 776 1125 809 ;
1159 777 1234 816 ego
1253 778 1344 803 eam

153 839 401 876 sententiam
419 837 517 881 dixi,
534 839 598 874 cui
616 842 711 875 sunt
729 838 880 874 assensi
898 836 950 875 ad
966 850 1106 875 unum.
1158 837 1221 875 Ea
1237 850 1343 888 quae

114 917 135 949 2
154 910 291 956 fuerit,
323 923 375 948 ex
406 914 571 948 senatus
601 908 784 948 consulto
814 922 1043 960 cognosces.
1097 909 1173 956 Tu,
1203 923 1343 961 quam-

154 996 277 1035 quam
301 982 465 1022 consilio
491 996 572 1021 non
598 995 708 1034 eges,
732 981 798 1020 vel
823 982 1003 1020 abundas
1027 985 1178 1033 potius,
1203 988 1344 1022 tamen

153 1057 229 1095 hoc
255 1058 388 1094 animo
415 1069 503 1094 esse
528 1055 669 1100 debes,
694 1060 742 1093 ut
766 1055 865 1093 nihil
890 1054 968 1092 huc
992 1057 1147 1101 reicias,
1173 1069 1277 1094 neve
1300 1058 1342 1094 in

152 1130 274 1168 rebus
306 1135 393 1168 tam
425 1128 568 1167 subitis
600 1134 769 1178 tamque
803 1130 984 1179 angustis
1017 1140 1042 1166 a
1073 1133 1219 1167 senatu
1250 1141 1344 1167 con-

154 1203 287 1242 silium
305 1201 532 1253 petendum
550 1207 685 1252 putes.
739 1200 832 1251 Ipse
852 1201 927 1239 tibi
947 1202 999 1239 sis
1019 1206 1183 1239 senatus
1201 1213 1212 1247 ;
1246 1214 1343 1252 quo-

151 1289 326 1326 cumque
348 1280 392 1313 te
413 1277 517 1313 ratio
539 1273 784 1325 reipublicae
805 1274 943 1319 ducet,
964 1286 1148 1324 sequare.
1201 1273 1340 1320 Cures,

153 1355 200 1388 ut
213 1354 309 1387 ante
321 1347 476 1386 factum
490 1347 652 1398 aliquod
664 1360 689 1385 a
699 1352 744 1385 te
758 1349 967 1397 egregium
980 1346 1203 1392 audiamus,
1216 1357 1339 1398 quam

153 1422 336 1461 futurum
356 1423 595 1471 putarimus.
650 1419 756 1458 Illud
775 1420 851 1458 tibi
870 1421 1079 1470 promitto,
1101 1419 1298 1470 quidquid
1317 1433 1342 1457 a

153 1501 197 1534 te
215 1497 293 1533 erit
308 1493 476 1539 factum,
492 1493 534 1531 id
550 1498 752 1538 senatum,
768 1506 850 1530 non
864 1491 985 1530 modo
1002 1497 1049 1530 ut
1065 1491 1253 1537 fideliter,
1269 1493 1342 1531 sed

155 1571 280 1608 etiam
298 1572 345 1605 ut
362 1569 568 1617 sapienter
586 1565 754 1611 factum,
772 1565 1139 1616 comprobaturum.

205 1760 221 1776 ⁰
243 1754 314 1787 For
343 1754 494 1786 motions
524 1751 627 1785 made
662 1750 712 1793 by
740 1750 897 1784 tribunos
925 1751 967 1784 of
998 1750 1060 1784 the
1086 1748 1186 1794 plebs
1214 1751 1253 1785 in
1279 1750 1340 1785 the

158 1797 288 1833 Senate
303 1808 360 1830 see
374 1796 471 1830 Phil.
487 1796 535 1829 iii.
555 1797 607 1835 13,
623 1793 695 1828 and
709 1795 767 1828 vii.
787 1796 818 1828 l.

155 2010 234 2045 344
