1448 2236
667 59 869 99 CICERO

173 167 366 217 scriptum
391 176 507 209 esse;
545 165 614 215 qui
637 163 786 202 fundus
808 176 902 202 cum
925 177 974 202 eo
995 165 1218 202 communis
1243 168 1365 202 esset.

175 220 224 258 Id
242 219 301 257 M.
319 219 466 257 Fadius
480 221 734 269 pergraviter
748 217 843 256 tulit
859 219 1184 269 existimavitque
1199 216 1366 256 fratrem

174 287 305 319 suum,
329 273 533 311 hominem
556 286 637 310 non
659 274 900 323 sapientem,
922 271 1096 323 impulsu
1117 274 1366 310 inimicorum

175 341 338 366 suorum
361 341 410 365 eo
430 339 690 378 progressum
714 339 815 364 esse.
868 325 1000 371 Nunc,
1021 328 1055 364 si
1075 339 1142 364 me
1164 338 1289 371 amas,
1310 327 1366 362 mi

176 381 318 427 Paete,
341 383 553 432 negotium
575 386 710 418 toturn
731 382 903 430 suscipe,
925 385 969 418 et
989 378 1176 418 molestia
1196 379 1366 418 Fadium

175 436 314 474 libera.
368 435 626 473 Auctoritate
645 439 718 472 tua
735 434 849 472 nobis
868 447 968 484 opus
988 439 1064 478 est,
1083 438 1126 471 et
1142 433 1304 471 consilio
1324 438 1368 471 et

177 492 302 529 etiam
333 491 478 540 gratia.
532 488 623 526 Noli
653 490 742 539 pati
771 487 932 538 litigare
962 486 1108 525 fratres
1139 492 1183 525 et
1211 487 1366 525 iudiciis

176 544 362 594 turpibus
377 542 611 581 conflictari.
666 541 881 580 Matonem
896 547 940 580 et
955 540 1175 580 Pollionem
1188 542 1366 579 inimicos

177 597 303 636 habet
338 597 498 634 Fadius.
553 595 662 643 Quid
694 595 856 634 multa?
904 609 986 634 non
1017 594 1248 633 mehercule
1280 599 1367 633 tam

176 651 424 703 perscribere
457 663 634 701 possum,
667 662 790 700 quam
821 649 919 687 mihi
951 654 1114 700 gratum
1145 647 1303 694 feceris,
1334 649 1367 686 si

176 708 349 744 otiosum
381 704 551 742 Fadium
581 704 819 742 reddideris.
872 704 922 742 Id
949 703 1017 741 ille
1045 705 1088 741 in
1116 708 1160 741 te
1189 704 1368 754 positum

178 773 266 798 esse
282 764 405 811 putat
421 758 603 810 mihique
619 757 855 809 persuadet.

708 926 845 965 XXVI

563 1043 704 1070 CICERO
731 1043 763 1070 S.
791 1044 831 1070 D.
859 1043 985 1069 PAETO

591 1126 739 1166 Romae,
756 1137 862 1159 A.u.c.
880 1128 960 1160 707.

142 1221 160 1255 1
230 1215 511 1254 Accubueram
532 1212 632 1251 hora
656 1226 775 1259 nona,
798 1225 890 1250 cum
913 1211 965 1250 ad
991 1217 1036 1250 te
1062 1211 1206 1250 harum
1234 1223 1369 1250 exem-
1438 1210 1448 1220 ⁴

179 1270 291 1321 plum
306 1271 348 1306 in
363 1267 551 1306 codicillis
568 1269 741 1305 exaravi.
795 1266 931 1311 Dices,
946 1266 1015 1304 ubi
1029 1266 1045 1303 ?
1080 1265 1189 1316 apud
1208 1264 1370 1304 Volum-

180 1326 290 1362 nium
309 1321 591 1373 Eutrapelum,
610 1326 653 1359 et
671 1320 835 1371 quidem
853 1333 973 1370 supra
989 1332 1056 1358 me
1074 1320 1249 1364 Atticus,
1266 1318 1370 1356 infra
1442 1342 1448 1353 2

181 1377 359 1421 Verrius,
397 1375 614 1413 familiares
653 1377 727 1412 tui.
782 1373 942 1411 Miraris
980 1378 1066 1411 tam
1106 1373 1369 1411 exhilaratam

183 1445 271 1470 esse
298 1432 538 1469 servitutem
565 1428 777 1466 nostram?
820 1427 928 1475 Quid
956 1439 1052 1478 ergo
1078 1426 1257 1465 faciam?
1311 1426 1369 1464 Te
1441 1427 1448 1476 f

181 1484 359 1530 consulo,
398 1486 466 1535 qui
504 1482 786 1534 philosophum
826 1482 952 1519 audis.
1005 1481 1178 1531 Angar?
1231 1492 1370 1518 excru-
1440 1483 1448 1490 ⁶

181 1542 338 1578 ciemne
350 1551 417 1575 me
431 1538 447 1575 ?
475 1537 572 1587 quid
585 1549 776 1586 assequar
789 1536 805 1574 ?
844 1534 1006 1573 Deinde
1019 1547 1141 1585 quem
1154 1533 1206 1572 ad
1217 1533 1339 1571 finem
1353 1533 1368 1571 ?

182 1592 316 1638 Vivas,
348 1593 495 1641 inquis,
527 1593 569 1628 in
601 1590 761 1628 litteris.
814 1589 880 1627 An
913 1588 1133 1639 quidquam
1163 1601 1231 1626 me
1263 1587 1370 1625 aliud

183 1644 305 1698 ag'ere
333 1645 503 1684 censes?
550 1643 638 1682 Aut
670 1656 830 1694 possem
863 1644 1012 1688 vivere,
1043 1643 1119 1680 nisi
1151 1643 1193 1680 in
1224 1641 1369 1680 litteris

229 1779 246 1796 ⁰
270 1773 449 1816 Probably
467 1773 527 1806 the
542 1771 683 1805 famous
701 1770 846 1804 Asinius
865 1769 987 1808 Pollio,
1005 1768 1061 1802 for
1078 1768 1195 1802 whom
1213 1779 1270 1801 see
1287 1770 1369 1802 note

183 1820 525 1894 onbxbfflgrcl).would
542 1855 746 1890 afterwards
762 1866 854 1898 copy
870 1855 931 1888 the
946 1854 1046 1888 letter
1062 1855 1137 1888 into
1152 1853 1302 1887 chartae.

232 1909 245 1925 ⁶
269 1903 335 1936 See
351 1903 409 1935 vii.
427 1904 471 1935 32
487 1901 558 1934 and
576 1903 631 1933 33.

230 1947 246 1968 ὅ
270 1944 468 1989 Explained
484 1947 523 1978 at
537 1944 598 1977 the
613 1942 682 1976 end
699 1941 739 1976 of
751 1945 768 1981 5
783 1945 816 1976 1.

185 2002 264 2036 280
