1448 2236
672 48 873 89 CICERO

179 150 245 189 Ita
268 154 300 190 si
324 151 367 190 id
391 154 539 203 agitur,
563 158 611 191 ut
633 167 768 192 rursus
792 156 834 192 in
857 155 1067 205 potestate
1090 158 1226 195 omnia
1249 159 1367 196 unius

175 227 270 270 sint,
304 227 548 276 quicumque
580 228 613 265 is
648 232 724 273 est,
754 230 791 266 ei
823 241 890 266 me
922 228 1115 279 profiteor
1146 231 1367 269 inimicum.

177 297 263 335 Nec
278 299 502 348 periculum
519 305 582 337 est
599 299 738 346 ullum,
751 301 860 351 quod
874 314 947 352 pro
962 301 1155 341 libertate
1171 308 1243 342 aut
1257 301 1367 341 refu-

136 376 158 407 4
175 373 285 422 giam
323 377 395 410 aut
432 372 640 423 deprecer.
693 372 775 412 Sed
811 374 994 413 consules
1030 388 1165 426 neque
1201 370 1366 414 senatus

175 444 359 484 consulto
381 458 515 496 neque
537 446 683 485 litteris
705 449 785 485 suis
812 453 1107 499 praeceperant
1135 447 1248 495 mihi,
1269 448 1366 500 quid

176 516 366 556 facerem.
422 519 536 557 Unas
565 522 672 557 enim
700 526 794 571 post
822 520 919 559 Idus
948 521 1121 560 Martias
1149 521 1314 560 demum
1341 534 1367 559 a

176 590 308 630 Pansa
342 592 501 631 litteras
537 595 688 644 accepi,
723 596 765 631 in
801 594 946 645 quibus
982 594 1168 634 hortatur
1202 608 1283 641 me,
1318 599 1367 633 ut

175 668 335 704 senatui
360 666 546 713 scribam,
570 680 637 705 me
664 673 707 706 et
732 670 956 707 exercitum
980 670 1022 707 in
1046 673 1255 719 potestate
1281 669 1366 707 eius

176 737 373 778 futurum.
427 739 562 787 Quod,
588 754 680 778 cum
708 741 887 792 Lepidus
912 744 1224 780 contionaretur·
1241 747 1366 792 atque

175 813 359 852 omnibus
373 814 568 852 scriberet
579 827 623 852 se
635 817 863 853 consentire
875 828 968 853 cum
980 814 1174 860 Antonio,
1186 816 1366 853 maxime

175 889 420 925 contrarium
453 886 544 926 fuit.
599 886 704 925 Nam
737 889 882 939 quibus
915 888 1208 927 commeatibus
1241 889 1367 926 invito

176 962 243 1001 illo
266 976 341 1014 per
362 962 466 1000 illius
489 966 735 1013 provinciam
758 963 939 1015 legiones
963 964 1187 1003 ducerem?
1225 969 1312 1009 aut,
1334 965 1367 1001 si

176 1042 315 1075 cetera
337 1039 586 1082 transissem,
609 1050 708 1075 num
733 1039 857 1076 etiam
881 1037 1007 1089 Alpes
1029 1043 1216 1088 poteram
1238 1043 1368 1075 trans·

178 1110 327 1156 volare,
356 1123 462 1161 quae
489 1111 690 1161 praesidio
718 1111 821 1149 illius
849 1111 1076 1150 tenentur?
1127 1111 1248 1149 Adde
1276 1110 1367 1155 huc,

178 1184 287 1234 quod
317 1183 487 1234 perferri
519 1184 682 1223 litterae
713 1185 824 1223 nulla
852 1185 1086 1240 condicione
1116 1188 1366 1236 potuerunt;

177 1260 379 1296 sexcentis
410 1260 517 1296 enim
545 1258 641 1296 locis
671 1260 944 1303 excutiuntur,
973 1257 1123 1296 deinde
1153 1259 1278 1295 etiam
1304 1269 1367 1294 re-

138 1337 160 1368 5
178 1334 362 1370 tinentur
391 1332 442 1369 ab
474 1331 629 1382 Lepido
658 1331 872 1370 tabellarii.
926 1330 1032 1369 Illud
1059 1343 1127 1368 me
1155 1329 1369 1368 Cordubae

176 1417 249 1455 pro
273 1406 463 1443 contione
489 1404 651 1449 dixisse,
676 1417 796 1442 nemo
820 1405 981 1443 vocabit
1005 1406 1047 1442 in
1071 1403 1253 1448 dubium,
1276 1415 1366 1453 pro—

161 1480 348 1520 ·vinciam
368 1491 435 1516 me
454 1477 567 1523 nulli,
587 1480 662 1516 nisi
683 1480 752 1528 qui
773 1479 824 1516 ab
844 1483 990 1516 senatu
1009 1479 1153 1516 missus
1172 1477 1364 1521 venisset,

176 1551 435 1590 traditurum.
492 1550 598 1588 Nam
630 1551 683 1589 de
715 1551 876 1602 legione
907 1551 1131 1602 Trigesima
1166 1548 1366 1588 tradenda

178 1630 351 1676 quantas
377 1624 587 1662 habuerim
613 1627 908 1670 contentiones,
935 1624 1033 1675 quid
1059 1637 1136 1674 ego
1161 1621 1364 1662 scribam?

177 1711 259 1750 qua
286 1698 439 1737 tradita
468 1703 621 1748 quanto
649 1710 722 1748 pro
750 1697 957 1748 republica
985 1697 1177 1735 infirmior
1205 1695 1365 1734 futurus

176 1771 338 1818 fuerim,
360 1774 448 1822 quis
469 1773 630 1822 ignorat
647 1771 662 1808 ?
716 1769 804 1808 Hac
826 1773 933 1808 enim
954 1770 1114 1822 legione
1135 1769 1216 1808 noli
1237 1771 1364 1807 acrius

177 1851 249 1884 aut
275 1846 498 1896 pugnacius
527 1844 750 1895 quidquam
776 1849 923 1894 putare
952 1856 1053 1882 esse.
1106 1842 1243 1891 Quare
1271 1855 1364 1880 eum
1437 1850 1446 1892 J

175 1932 243 1957 me
262 1919 450 1956 existima
468 1930 570 1963 esse,
589 1919 658 1967 qui
675 1919 850 1967 primum
866 1919 977 1967 pacis
995 1915 1272 1967 cupidissimus
1289 1917 1364 1953 sim

183 1992 261 2026 402
