1448 2236
673 63 873 104 CICERO

176 167 236 206 Eo
253 174 392 206 autem
407 169 474 207 die
487 182 639 220 magna
652 169 750 206 mihi
764 182 838 219 pro
853 175 926 208 tua
940 169 1144 221 dignitate
1158 174 1366 211 contentio

174 243 267 268 cum
289 229 455 268 Servilio
472 243 482 276 ;
519 233 589 282 qui
610 243 702 269 cum
723 234 857 282 gratia
879 231 1093 278 effecisset,
1115 238 1162 272 ut
1182 246 1257 272 sua
1276 247 1367 272 sen-

175 295 308 331 tentia
333 295 465 343 prima
489 295 836 344 pronuntiaretur,
862 292 1053 345 frequens
1082 308 1176 333 eum
1201 302 1366 335 senatus

175 354 339 405 reliquit
371 361 414 392 et
443 357 488 392 in
519 355 597 393 alia
627 357 762 393 omnia
792 355 1004 402 discessit3
1048 369 1249 408 meaeque
1277 371 1368 397 sen-

175 419 347 462 tentiae,
381 430 486 468 quae
520 417 698 455 secunda
730 420 994 468 pronuntiata
1028 425 1130 464 erat,
1163 433 1255 458 cum
1288 421 1368 459 fre-

175 485 350 529 quenter
368 481 633 518 assentiretur
651 485 832 525 senatus,
849 486 996 531 rogatu
1014 479 1155 519 Servili
1174 481 1220 520 P.
1237 481 1367 521 Titius

134 547 156 578 4
174 543 416 579 intercessit.
470 541 550 580 Res
571 544 613 580 in
632 547 842 592 posterum
863 542 1006 581 dilata.
1059 542 1183 582 Venit
1202 550 1368 595 paratus

175 603 378 649 Servilius,
404 602 490 641 Iovi
513 606 589 654 ipsi
614 606 789 655 iniquus,
809 607 920 642 cuius
943 606 986 642 in
1009 605 1163 656 templo
1186 619 1250 644 res
1275 619 1370 658 age-

174 667 308 704 batur.
363 665 483 704 Hunc
516 666 863 716 quemadmodum
895 665 1101 718 fregerim,
1134 673 1371 720 quantaque

174 730 437 766 contentione
483 727 636 766 Titium
682 731 992 767 intercessorem
1039 729 1271 776 abiecerim‚
1317 744 1368 769 ex

175 789 344 828 aliorum
368 795 413 828 te
449 789 596 828 litteris
621 790 728 828 malo
753 803 1193 841 cognoscere,-——unum
1217 791 1292 831 hoc
1317 806 1368 831 ex

172 854 275 890 meis
294 865 303 890 :
358 857 524 890 senatus
565 854 738 903 gravior,
779 855 1044 899 constantior,
1087 855 1250 892 amicior
1287 857 1369 893 tuis

173 914 359 951 laudibus
385 927 472 951 esse
495 928 576 952 non
598 916 749 964 potuit,
773 927 896 964 quam
918 919 1008 952 tum
1031 913 1139 960 fuit;
1176 929 1251 954 nec
1274 929 1368 955 vero

176 977 251 1015 tibi
267 981 431 1014 senatus
449 977 626 1021 amicior,
640 988 763 1026 quam
777 982 924 1014 cuncta
938 979 1092 1014 civitas.
1127 976 1370 1016 Mirabiliter

176 1041 284 1076 enim
297 1037 470 1088 populus
484 1037 688 1076 Romanus
701 1040 909 1076 universus
925 1043 968 1076 et
982 1041 1161 1076 omnium
1172 1051 1368 1090 generum

175 1101 443 1150 ordinumque
471 1112 688 1138 consensus
718 1099 768 1138 ad
797 1099 1049 1138 liberandam
1079 1100 1368 1151 rempublicam

134 1170 156 1201 5
174 1164 431 1212 conspiravit.
488 1161 620 1213 Perge
643 1164 781 1213 igitur,
805 1167 852 1200 ut
876 1164 976 1213 agis,
999 1175 1229 1214 nomenque
1251 1169 1367 1202 tuum

174 1224 414 1263 commenda
445 1223 758 1269 immortalitati,
791 1229 918 1274 atque
950 1223 1050 1262 haec
1082 1227 1231 1271 omnia,
1263 1238 1368 1276 quae

174 1287 330 1324 habent
353 1288 532 1336 speciem
554 1285 721 1336 gloriae,
743 1285 914 1324 collecta
935 1286 1123 1324 inanibus
1146 1286 1367 1337 splendoris

174 1348 648 1399 insignibus,contemne,
662 1346 993 1392 brevia,fucata‚1
1004 1347 1157 1386 caduca
1168 1350 1366 1388 existima.

176 1410 328 1448 Verum
355 1410 478 1447 decus
504 1411 547 1447 in
573 1412 725 1447 virtute
750 1411 928 1459 positum
955 1414 1032 1454 est,
1059 1421 1165 1459 quae
1190 1412 1366 1449 maxime

176 1472 401 1510 illustratur
437 1473 594 1522 magnis
631 1473 673 1509 in
709 1470 1000 1521 rempublicam
1035 1472 1205 1509 meritis.
1265 1471 1367 1510 Eam

177 1533 418 1571 facultatem
453 1532 578 1571 habes
612 1534 861 1577 maximam;
910 1545 1032 1583 quam
1067 1532 1229 1583 quando
1261 1545 1367 1572 com-

414 1626 426 1646 ¹
452 1626 498 1658 H.
516 1626 596 1658 Pal.
613 1639 622 1659 ε
652 1625 791 1668 fugatia
810 1625 856 1658 M
863 1639 872 1659 ε
894 1624 1039 1668 fugacia
1054 1625 1132 1659 alii.

224 1777 239 1792 ‘²
265 1771 304 1804 P.
338 1769 505 1804 Servilius
538 1769 644 1802 Vatia
677 1768 865 1807 Isauricus,
897 1767 1022 1801 consul
1053 1768 1136 1801 with
1169 1768 1300 1802 Caesar
1330 1771 1365 1803 in

177 1818 221 1848 48
238 1825 303 1847 mc.
352 1813 408 1846 He
425 1823 536 1846 seems
552 1815 589 1845 to
605 1812 695 1845 have
710 1812 799 1844 been
815 1814 854 1844 at
869 1813 1003 1853 enmity
1020 1811 1103 1844 with
1123 1810 1284 1845 Plancus.

225 1856 239 1877 δ
263 1855 420 1890 Tribune
432 1855 472 1888 of
481 1855 541 1888 the
555 1854 670 1888 Plebs.
718 1854 775 1888 He
787 1855 816 1887 is
829 1855 936 1896 again
951 1853 1152 1887 mentioned
1166 1855 1202 1887 in
1215 1866 1247 1887 x.
1261 1857 1318 1888 21.
1331 1857 1364 1888 3.

225 1905 238 1920 ⁰
263 1900 296 1932 A
325 1898 525 1942 proverbial
554 1898 753 1940 expression
782 1896 823 1930 of
848 1896 1014 1930 doubtful
1042 1897 1169 1940 origin,
1198 1899 1366 1941 meaning

176 1945 380 1987 passionate
394 1941 467 1974 and
483 1940 726 1974 unrestrained
742 1939 912 1974 defiance.
1051 1942 1055 1945 ”

184 1999 262 2033 334
