1448 2236
688 57 889 96 CICERO

192 165 236 197 et
272 159 490 199 offensione
527 161 763 207 Minotauri,
797 162 840 200 id
875 167 951 207 est,
987 162 1132 201 Calvisi
1168 168 1212 201 et
1245 162 1379 201 Tauri.

194 213 363 251 Factum
378 214 429 252 de
445 219 488 252 te
502 220 667 253 senatus
682 215 908 253 consultum
923 215 1196 254 honorificum.
1238 215 1379 255 Postu-

190 266 351 305 labatur
375 274 527 312 autem,
552 274 599 306 ut
623 271 748 306 etiam
771 269 826 306 illi
851 275 1116 315 notarentur;
1153 269 1226 308 sed
1250 269 1379 308 Pansa

152 324 172 356 2
191 320 440 359 clementior.
493 322 595 372 Ego,
624 324 679 359 mi
708 321 906 368 Cornifici,
935 335 1014 374 quo
1043 323 1109 362 die
1136 326 1310 374 primum
1336 326 1378 361 in

190 387 306 424 spem
354 374 554 413 libertatis
588 378 804 427 ingressus
853 389 955 422 sum,
1005 382 1048 414 et
1096 377 1378 415 cunctantibus

190 430 335 466 ceteris
360 442 397 466 a.
422 429 462 466 d.
486 441 574 467 xm.
603 429 693 467 Kal.
719 429 806 467 Ian.
830 428 1098 468 fundamenta
1120 433 1196 468 ieci
1218 431 1378 481 reipub·

189 480 303 527 licae,
324 494 372 519 eo
394 484 480 532 ipso
505 483 572 520 die
590 483 744 532 providi
769 483 943 521 multum
968 489 1092 534 atque
1117 483 1238 522 habui
1258 486 1377 522 ratio-

189 548 284 572 nem
304 535 513 586 dignitatis
529 542 639 574 tuae.
694 536 799 574 Mihi
814 539 922 574 enim
937 542 1000 575 est
1015 550 1198 575 assensus
1213 542 1376 576 senatus

188 588 241 626 de
273 589 502 627 obtinendis
539 592 762 639 provinciis.
816 590 853 627 N
856 603 901 628 ec
937 603 1032 628 vero
1059 596 1202 641 postea
1238 591 1376 629 destiti

188 641 436 680 labefactare
466 656 572 688 eum,
602 646 670 694 qui
698 657 855 681 summa
882 657 974 682 cum
1001 650 1074 682 tua
1101 646 1257 689 iniuria,
1285 657 1375 682 con-

189 696 439 746 tumeliaque
454 697 712 747 reipublicae,
726 700 971 747 provinciam
987 698 1130 736 absens
1150 698 1375 736 obtinebat.

188 749 335 800 Itaque
372 750 546 795 crebras,
584 750 648 788 vel
683 753 818 801 potius
856 751 1124 802 quotidianas,
1162 750 1375 801 compella-

187 805 318 841 tiones
346 817 457 841 meas
485 817 567 841 non
594 803 702 849 tulit,
730 817 855 855 seque
883 807 926 841 in
954 804 1109 842 Urbem
1136 807 1291 855 recepit
1316 807 1375 842 in-

187 859 291 894 vitus
310 869 320 901 3
355 870 489 908 neque
510 857 638 895 solum
659 870 745 907 spe,
766 857 839 896 sed
859 863 971 895 certa
990 871 1034 895 re
1054 860 1136 895 iam
1158 863 1201 895 et
1221 871 1374 908 posses-

186 912 297 948 sione
319 910 559 948 deturbatus
582 916 644 948 est
665 924 756 948 meo
776 913 992 948 iustissimo
1013 911 1373 962 honestissimoque

185 966 375 1001 convicio.
427 963 485 1001 Te
516 970 630 1002 tuam
661 965 904 1016 dignitatem
934 977 1091 1002 summa
1121 970 1193 1002 tua
1222 966 1371 1002 virtute

185 1019 363 1055 tenuisse
395 1020 704 1068 provinciaeque
738 1018 951 1056 honoribus
982 1017 1232 1069 amplissimis
1257 1016 1372 1056 affec-

145 1076 165 1108 3
184 1076 286 1116 tum,
315 1071 579 1109 vehementer
604 1072 777 1123 gaudeo.
831 1071 950 1118 Quod
977 1077 1020 1109 te
1048 1071 1146 1108 mihi
1178 1072 1229 1109 de
1261 1070 1372 1109 Sem-

183 1127 323 1174 pronio
341 1138 503 1176 purgas,
518 1127 668 1175 accipio
683 1128 997 1163 excusationem.
1048 1125 1141 1162 Fuit
1155 1127 1262 1162 enim
1274 1124 1371 1163 illud

184 1178 387 1228 quoddam
417 1178 600 1216 caecuml
631 1184 792 1228 tempus
822 1180 1039 1216 servitutis.
1092 1178 1180 1229 Ego
1210 1184 1370 1216 tuorum

183 1231 436 1269 consiliorum
463 1238 603 1269 auctor
628 1232 919 1283 dignitatisque
945 1231 1093 1277 fautor,
1118 1235 1243 1270 iratus
1269 1237 1371 1270 tem-

182 1285 357 1335 poribus,
386 1288 428 1322 in
462 1285 674 1323 Graeciam
708 1286 924 1336 desperata
955 1285 1146 1323 libertate
1173 1285 1371 1335 rapiebar,

382 1390 395 1409 ²
421 1391 516 1424 H.D.
532 1404 541 1424 z
572 1391 750 1424 Graecum
770 1390 815 1423 Μ
825 1404 834 1424 =
865 1394 1018 1424 taetrum
1036 1389 1160 1424 Orelli.

231 1511 247 1528 ‘⁸
269 1507 383 1540 These
399 1510 469 1540 two
487 1519 568 1540 men
585 1509 706 1550 acting
723 1509 759 1540 in
777 1511 918 1541 concert
935 1519 1025 1541 were
1041 1507 1257 1541 nicknamed
1275 1508 1296 1522 ‘⁴
1311 1508 1370 1542 the
1441 1517 1444 1523 ·

187 1550 407 1589 Minotaur,”
427 1561 468 1583 as
487 1561 509 1583 a
529 1550 609 1583 firm
630 1550 669 1583 of
686 1554 767 1583 two.
816 1551 885 1584 For
905 1551 1078 1584 Calvisius
1097 1550 1236 1593 (consul
1255 1553 1292 1584 in
1311 1551 1369 1592 39)

184 1604 242 1627 see
260 1597 342 1627 note
361 1605 407 1627 on
426 1596 482 1626 23.
506 1596 535 1626 1.
582 1593 622 1626 T.
644 1593 804 1626 Statilius
823 1594 961 1627 Taurus
980 1593 1052 1627 had
1070 1594 1160 1627 been
1178 1594 1370 1636 appointed

185 1637 319 1678 leqatus
341 1640 378 1670 to
400 1636 572 1670 Calvisius
593 1647 632 1669 as
653 1647 827 1678 governor
849 1637 889 1669 of
908 1637 1053 1675 Africa3
1089 1637 1134 1670 he
1155 1648 1227 1670 was
1247 1637 1370 1671 consul

184 1681 220 1712 in
236 1682 279 1713 37
296 1679 369 1712 and
383 1682 440 1718 26,
457 1679 529 1712 and
545 1690 617 1712 was
632 1689 806 1721 governor
821 1679 861 1712 of
875 1679 997 1712 Africa
1012 1681 1049 1712 in
1064 1682 1121 1719 36,
1138 1679 1178 1712 of
1190 1679 1370 1713 Dalmatia

184 1724 220 1755 in
230 1726 286 1762 34,
295 1722 367 1755 and
377 1723 417 1756 of
422 1723 694 1756 Tarraconensis
703 1723 740 1755 in
747 1725 804 1755 29.
853 1722 910 1755 He
918 1722 1154 1755 commanded
1163 1722 1369 1756 Octavian’s

183 1765 268 1799 land
283 1766 397 1799 forces
413 1769 451 1799 at
467 1766 612 1798 Actium
628 1766 664 1798 in
679 1767 735 1798 30.

230 1810 243 1830 ὃ
268 1809 490 1851 Confirming
506 1808 713 1842 Cornificius
729 1809 765 1841 in
781 1808 835 1840 his
851 1808 1105 1850 governorship
1121 1808 1161 1841 of
1174 1808 1307 1842 Africa.

231 1858 243 1872 ⁰
267 1852 342 1885 The
356 1852 428 1894 day
443 1863 490 1885 on
504 1852 618 1885 which
634 1852 755 1885 Cicero
769 1850 943 1884 delivered
959 1851 1054 1884 Phil.
1070 1852 1118 1884 iii.
1134 1851 1205 1884 and
1221 1853 1266 1884 iv.

231 1895 246 1914 ‘³
271 1897 339 1934 i.e.‚
357 1895 541 1929 Calvisius.

232 1943 245 1959 ⁸
269 1938 335 1971 See
359 1942 458 1972 notes
473 1949 519 1971 on
536 1940 591 1971 22.
610 1941 631 1970 4
647 1937 717 1970 and
733 1940 788 1970 29.
805 1939 837 1970 2.

188 1989 264 2028 602

1417 2078 1448 2140 *²*
