1448 2236
661 57 862 98 CICERO

163 162 304 198 ninum
330 160 632 200 adolescentem
658 164 745 213 ipse
773 162 846 201 Cn.
873 163 1077 203 Domitius
1102 178 1218 203 reum
1244 164 1355 211 fecit,

166 229 264 254 sane
310 230 434 268 quam
477 221 683 285 superiore
727 232 752 257 a
796 222 880 258 vita
924 221 1176 259 invidiosum.
1236 221 1356 270 Quod

163 272 355 311 iudicium
382 287 490 313 nunc
516 277 559 312 in
588 279 894 325 exspectatione
923 282 1004 323 est,
1006 264 1154 316 etiam
1181 279 1223 315 in
1249 278 1356 316 bona

125 333 146 364 2
164 341 250 379 spe,
272 334 367 379 post
391 328 486 368 Sex.
513 329 715 369 Peducaei
743 331 1052 371 absolutionem.
1108 333 1174 372 De
1199 345 1358 371 summa

163 385 370 435 republica
389 398 513 436 saepe
532 387 607 424 tibi
626 388 778 437 scripsi,
797 399 864 425 me
884 382 937 425 a'd
950 400 1102 426 annum
1115 399 1260 439 pacem
1275 399 1356 424 non

163 442 329 487 videre3
380 447 424 480 et
459 455 539 493 quo
572 446 736 494 propius
773 457 822 482 ea
856 446 1078 490 contentio,
1112 457 1236 496 quam
1270 442 1355 481 fieri

163 511 329 537 necesse
350 504 426 544 est,
448 499 617 544 accedit,
639 513 687 538 eo
707 499 849 538 clarius
870 501 911 539 id
929 500 1152 551 periculum
1171 504 1355 551 apparet.

164 554 419 605 Propositum
449 555 524 593 hoc
556 561 632 602 est,
662 557 714 595 de
745 570 839 607 quo,
869 559 939 608 qui
967 570 1103 595 rerum
1131 559 1354 608 potiuntur,

163 617 258 649 sunt
285 612 527 658 dimicaturi,
556 613 665 664 quod
693 613 766 651 Cn.
795 613 1011 664 Pompeius
1038 616 1249 652 constituit
1275 625 1356 651 non

162 669 249 718 pati
267 667 312 706 C.
331 667 548 707 Caesarem
564 668 769 718 consulem
787 669 905 708 aliter
922 669 1022 716 fieri,
1039 673 1114 708 nisi
1133 671 1355 708 exercitum

165 729 208 761 et
233 727 456 774 provincias
483 726 696 764 tradiderit
715 739 725 771 ;
742 722 749 724 ”
766 725 928 764 Caesari
954 732 1095 765 autem
1119 738 1355 777 persuasum

164 786 228 818 est
242 794 285 818 se
301 780 456 819 salvum
473 794 559 820 esse
575 795 656 820 non
670 795 803 833 posse,
818 785 851 820 si
867 783 918 821 ab
935 786 1115 821 exercitu
1130 783 1354 821 recesserit.

165 836 261 874 Fert
291 836 401 875 illam
432 843 572 876 tamen
603 839 892 885 condicionem,
923 845 972 877 ut
1003 839 1121 877 ambo
1154 840 1354 877 exercitus

163 893 341 932 tradant.
395 893 458 932 Sic
481 894 537 932 illi
561 908 716 943 amores
741 901 785 934 et
807 895 1001 934 invidiosa
1023 898 1251 941 coniunctio
1273 908 1354 932 non

163 950 215 988 ad
243 950 442 988 occultam
470 952 614 990 recidit
642 952 995 997 obtrectationem,
1023 951 1097 990 sed
1123 951 1176 990 ad
1202 949 1354 989 bellum

162 1018 206 1044 se
235 1010 438 1072 erumpit3
480 1020 614 1059 neque
640 1020 824 1046 mearum
850 1021 983 1045 rerum
1011 1007 1120 1059 quod
1146 1006 1353 1045 eonsilium

162 1065 333 1112 capiam,
356 1066 526 1113 reperio.
580 1063 701 1111 Quod
723 1077 803 1102 non
826 1064 982 1110 dubito,
1005 1066 1102 1115 quin
1124 1069 1169 1102 te
1191 1075 1353 1114 quoque

162 1117 263 1156 haec
293 1119 532 1158 deliberatio
562 1122 615 1158 sit
644 1121 944 1171 perturbatura.
998 1120 1103 1158 Nam
1133 1119 1231 1158 mihi
1261 1131 1353 1157 cum

162 1173 389 1213 hominibus
423 1175 483 1214 his
518 1181 562 1214 et
594 1179 726 1227 gratia
760 1182 804 1215 et
836 1163 1116 1215 necessitudi'
1116 1160 1217 1222 ἒὲἱη
1263 1181 1352 1213 tum

123 1235 144 1267 3
162 1244 325 1268 causam
341 1231 463 1277 illam,
480 1245 561 1270 non
577 1232 759 1271 homines
776 1233 855 1271 odi.
903 1233 1009 1272 Illud
1024 1239 1068 1271 te
1084 1245 1166 1271 non
1181 1232 1365 1270 arbitror-

162 1286 318 1338 fugere,
349 1291 446 1338 quin
475 1288 656 1326 homines
686 1292 727 1326 in
756 1289 1003 1327 dissensione
1033 1289 1255 1327 domestica
1281 1287 1352 1326 de-

164 1343 303 1389 beant,
328 1345 522 1395 quamdiu
549 1345 718 1383 civiliter
746 1348 832 1383 sine
860 1348 979 1383 armis
1007 1351 1200 1390 certetur,
1228 1344 1351 1382 hone-

163 1402 329 1438 stiorem
341 1404 455 1452 sequi
466 1406 627 1451 partem
642 1414 652 1447 ;
675 1402 742 1439 ubi
758 1402 810 1440 ad
820 1401 971 1440 bellum
985 1407 1028 1439 et
1039 1407 1172 1439 castra
1182 1406 1350 1439 ventum

212 1550 325 1584 aSon
354 1551 394 1584 of
422 1551 463 1584 L.
494 1551 684 1591 Domitius,
711 1552 830 1585 whom
860 1552 915 1585 his
944 1552 1063 1585 father
1091 1551 1282 1595 employed
1312 1554 1350 1584 to

166 1593 288 1670 Ἆγι-(181(
311 1594 367 1627 his
390 1605 595 1636 vengeance
618 1605 664 1628 on
692 1594 920 1634 Saturninus,
947 1595 1027 1628 who
1053 1594 1126 1628 had
1153 1597 1304 1637 support
1272 1594 1349 1627 rted

202 1639 288 1670 nton

213 1681 227 1701 ⁶
251 1648 328 1714 Sosii
350 1680 423 1713 and
450 1680 643 1714 namesake
669 1680 710 1714 of
731 1681 793 1714 the
818 1684 1024 1723 propraetor
1049 1680 1090 1714 of
1112 1680 1222 1723 Sicily
1246 1680 1347 1714 when

147 1722 289 1759 *Cicero
327 1734 399 1757 was
437 1727 603 1765 quaestor
640 1724 739 1757 there
776 1724 930 1767 (75—74).
977 1723 1085 1758 What
1121 1724 1182 1757 the
1198 1692 1349 1766 ycharge

165 1768 308 1808 against
322 1766 397 1799 him
413 1777 485 1799 was
501 1768 530 1799 is
546 1766 740 1799 unknown.

264 1809 448 1843 ‘'Caesars
462 1809 607 1848 friends,
623 1809 742 1848 Curio,
756 1810 953 1848 Dolabella,
965 1809 1036 1843 and
1090 1809 1181 1843 hers.
1185 1809 1206 1823 ”
1244 1809 1347 1843 How.

168 1852 280 1886 “The
296 1853 520 1895 Pompeians.
525 1853 546 1867 ’³
595 1853 791 1886 Manutius.

166 1938 202 1971 Η
251 1895 428 1939 “Appius
444 1895 626 1935 Claudius,
640 1895 681 1929 L.
695 1896 883 1934 Domitius,
895 1895 967 1928 and
983 1895 1136 1938 perhaps
1153 1894 1347 1938 Pompeyss’

204 1949 269 1972 ow.

172 1989 247 2028 168
