1448 2236
685 71 886 110 CICERO

188 175 273 211 vita
290 179 333 211 et
348 173 503 225 reliqua
520 187 613 212 mea
629 188 734 225 spes,
751 180 916 213 tacente
932 189 1014 222 me,
1029 177 1190 227 probat,
1206 177 1376 216 dicendo

148 266 170 298 5
189 263 348 299 vincere
376 274 458 300 non
475 261 649 311 postulo.
711 262 847 310 Quare
866 265 1061 301 maiorem
1078 266 1121 301 in
1139 264 1304 303 modum
1331 270 1375 303 te

189 361 301 399 rogo,
309 354 355 386 ut
365 361 453 386 rem
465 351 664 399 potiorem
677 352 858 387 oratione
865 349 1239 402 ducas,mihique,si
1251 354 1375 390 sentis
1402 391 1407 398 ,

189 435 381 486 expedire
394 441 506 474 recte
522 436 622 482 fieri,
636 437 776 474 credas
787 436 939 474 nullam
951 440 1273 482 comunionem
1283 452 1375 476 cum

187 524 377 573 improbis
402 536 488 561 esse
510 537 641 574 posse.
690 524 770 569 An,
789 524 898 575 quod
921 523 1154 563 adulescens
1174 515 1373 576 praestiti,

172 623 279 648 -cum
304 613 429 648 etiam
453 624 586 648 errare
610 624 702 649 cum
726 613 986 649 excusatione
1007 624 1182 662 possem,
1204 612 1247 650 id
1269 625 1376 650 nunc

187 703 327 736 aetate
343 701 611 748 praecipitata
629 704 890 744 commutem,
907 712 954 736 ac
970 711 1038 736 me
1054 702 1141 750 ipse
1157 705 1343 738 retexam
1359 700 1375 738 ?
1398 734 1401 743 ,

187 785 280 823 Non
310 784 458 823 faciam
475 798 485 830 ;
532 798 680 836 neque,
714 785 822 836 quod
853 785 1078 836 displiceat,
1109 788 1375 832 committam,

186 878 474 924 praeterquam
491 872 599 923 quod
614 872 784 910 hominis
801 873 899 910 mihi
914 875 1226 911 coniunctissimi
1241 886 1288 911 ac
1303 876 1376 912 viri

186 959 420 1010 amplissimi
433 959 550 998 doleo
563 972 731 1011 gravem
743 973 894 998 casum.
934 959 1055 1008 Quod
1067 963 1100 998 si
1114 960 1232 999 aliter
1246 974 1376 999 essem

187 1050 403 1092 animatus,
415 1060 650 1098 numquam,
663 1047 772 1098 quod
783 1046 974 1092 facerem,
989 1060 1196 1099 negarem,
1208 1060 1261 1085 ne
1277 1053 1320 1086 et
1333 1050 1376 1085 in

187 1134 392 1185 peccando
426 1135 630 1184 improbus
664 1140 707 1173 et
739 1137 782 1171 in
813 1134 1100 1173 dissimulando
1132 1134 1297 1173 timidus
1328 1148 1376 1174 ac

149 1228 170 1259 6
188 1235 313 1260 vanus
334 1224 605 1259 existimarer.·
644 1221 702 1259 At
720 1221 848 1266 ludos,
868 1235 967 1290 quos
987 1221 1167 1260 Caesaris
1186 1224 1375 1260 victoriae

188 1309 336 1347 Caesar
358 1308 594 1346 adulescens
618 1307 729 1353 fecit,
754 1310 901 1346 curavi.
951 1309 1010 1349 At
1033 1308 1077 1347 id
1098 1308 1152 1347 ad
1174 1287 1375 1359 privatum

187 1397 373 1441 officium,
395 1409 478 1434 non
498 1396 552 1433 ad
573 1401 728 1433 statum
749 1395 994 1446 reipublicae
1015 1398 1208 1446 pertinet.
1256 1395 1376 1443 Quod

188 1489 328 1522 tamen
347 1496 493 1520 munus
515 1488 558 1520 et
577 1482 747 1520 hominis
767 1484 994 1520 amicissimi
1013 1484 1232 1520 memoriae
1251 1487 1376 1534 atque

189 1571 404 1608 honoribus
423 1575 646 1620 praestare,
668 1572 793 1607 etiam
811 1571 973 1614 mortui,
993 1569 1115 1608 debui
1136 1574 1180 1607 et
1198 1571 1376 1620 optimae
1436 1611 1448 1615 ,

188 1660 274 1708 spei
280 1657 530 1696 adulescenti
539 1670 585 1694 ac
592 1656 823 1707 dignissimo
834 1655 1005 1693 Caesare
1012 1658 1216 1706 repetenti
1226 1669 1376 1708 negare
1434 1642 1442 1691 J

151 1752 170 1782 7
189 1758 269 1783 non
285 1747 413 1795 potui.
457 1744 559 1781 Veni
577 1746 702 1781 etiam
717 1742 886 1781 consulis
904 1743 1058 1780 Antoni
1073 1742 1238 1781 domum
1253 1755 1376 1793 saepe
1432 1758 1435 1762 ·

189 1831 390 1870 salutandi
420 1843 567 1875 causa3
611 1830 664 1868 ad
693 1843 828 1881 quem,
857 1831 926 1880 qui
954 1842 1021 1867 me
1049 1842 1192 1879 parum
1219 1831 1376 1879 patriae
1435 1821 1438 1827 ¹

194 1924 403 1956 amantem
415 1930 502 1956 esse
519 1919 766 1963 existimant,
777 1915 946 1969 rogandi
958 1915 1123 1968 quidem
1134 1914 1297 1967 aliquid,
1305 1921 1376 1954 aut

194 2009 269 2043 508
