1448 2236
701 69 902 108 CICERO

201 174 385 223 cognitus
441 175 508 218 sis,
565 175 690 211 etiam
743 173 1102 213 clementissimum
1158 177 1390 213 existimari.

202 241 358 294 Magno
394 242 470 281 tibi
508 245 585 281 erit
622 250 873 290 ornamento,
906 237 1197 283 nobilissimum
1235 245 1391 284 adules-

199 318 364 351 centem
393 313 591 352 beneficio
622 319 695 352 tuo
727 327 815 352 esse
846 314 1014 353 salvum.
1072 314 1194 354 Cuius
1226 315 1390 366 quidem

199 396 320 421 causa
341 383 416 421 hoc
437 384 578 422 melior
599 384 725 422 debet
747 398 848 430 esse,
870 386 979 436 quod
998 388 1156 436 pietate
1177 385 1390 431 adductus,

198 459 365 503 propter
400 457 527 504 patris
558 457 872 501 restitutionem,
900 469 944 493 se
971 469 1064 494 cum
1091 456 1270 494 Antonio
1298 469 1390 494 eon-

159 528 179 558 2
197 525 342 562 iunxit.
403 524 540 572 Quare
569 527 646 563 etsi
672 527 803 563 minus
838 539 976 563 veram
1009 539 1172 564 causam
1206 525 1388 571 habebis,

198 599 339 631 tamen
378 594 443 632 vel
482 595 733 645 probabilem
774 595 951 647 aliquam
990 598 1142 647 poteris
1183 595 1387 634 inducere.

198 663 331 702 Nutus
366 670 460 702 tuus
493 671 632 716 potest
666 666 885 712 homInem,
919 679 1076 705 summo
1109 666 1197 704 loco
1230 671 1387 711 natum,

197 747 354 773 summo
372 738 548 787 ingenio,
568 749 725 774 summa
743 740 908 783 virtute,
927 737 1254 775 officiosissimum
1271 748 1386 787 prae-

195 810 311 843 terea
329 811 372 844 et
388 809 675 857 gratissimum,
694 807 935 845 incolumem
952 810 995 845 in
1011 810 1177 846 civitate
1193 809 1384 845 retinere.

196 875 316 923 Quod
329 881 376 914 ut
387 875 524 923 facias,
538 879 597 915 ita
610 890 635 914 a
648 883 691 915 te
703 884 815 928 peto,
830 884 877 916 ut
890 881 1041 916 maiore
1055 877 1190 916 studio
1202 879 1383 929 magisve

195 957 246 983 ex
265 949 398 985 animo
415 953 558 998 petere
576 961 658 986 non
674 951 837 999 possim.

714 1147 859 1186 XXIII

480 1262 521 1288 n.
550 1262 701 1288 BRUTUS
728 1262 760 1288 s,
788 1263 824 1287 P.
852 1262 893 1289 n.
919 1262 965 1288 M.
991 1262 1030 1288 T.
1055 1260 1093 1289 c.

572 1356 780 1399 Eporediae,
798 1367 903 1390 A.u.c.
921 1358 998 1389 711.

154 1445 170 1477 1
243 1440 324 1478 Nos
361 1440 425 1478 hic
451 1441 631 1479 valemus
658 1447 770 1479 recte
799 1428 855 1487 effi,
883 1454 963 1492 quo
988 1440 1132 1478 melius
1158 1438 1378 1483 valeamus,

190 1524 355 1561 operam
370 1511 568 1550 dabimus.
611 1495 787 1561 Lepidus
804 1510 1014 1549 commode
1029 1510 1081 1549 de
1097 1510 1211 1548 nobis
1227 1511 1378 1547 sentire

189 1581 362 1619 videtur.
429 1582 551 1620 Omni
592 1585 737 1620 timore
778 1582 976 1632 deposito,
1017 1581 1212 1619 debemus
1252 1579 1378 1617 libere

189 1652 434 1702 reipublicae
454 1651 675 1690 consulere.
724 1652 844 1700 Quod
865 1654 898 1689 si
919 1653 1054 1689 omnia
1076 1655 1212 1688 essent
1234 1649 1377 1694 aliena,

190 1727 330 1760 tamen
351 1723 479 1760 tribus
502 1725 627 1761 tantis
651 1723 907 1767 exercitibus,
928 1724 1097 1772 propriis
1119 1720 1377 1771 reipublicae,

192 1792 429 1838 valentibus,
451 1806 645 1844 magnum
666 1795 845 1830 animum
866 1792 1018 1830 habere
1041 1791 1233 1836 debebas,
1255 1802 1378 1841 quem
1444 1813 1448 1826 2

190 1868 233 1900 et
249 1876 409 1914 semper
424 1863 614 1908 habuisti,
633 1869 674 1901 et
691 1876 796 1900 nunc
811 1862 975 1900 fortuna
991 1861 1210 1900 adiuvante
1225 1872 1377 1912 augere
1446 1848 1448 1850 ¹

618 1961 635 1978 ⁸
658 1957 725 1992 See
740 1958 786 1991 xi.
803 1959 848 1990 20
865 1960 947 1990 note
961 1967 990 1990 σ.

191 2014 267 2048 488
