1448 2236
632 81 635 83 ’
677 71 879 111 CICERO

179 189 297 227 agros
311 176 464 214 dandos
479 178 702 222 censuistis,
715 177 833 215 video
845 176 1084 216 facultatem
1096 177 1184 218 fore
1197 192 1248 218 ex
1259 183 1366 232 agris

179 246 350 284 Sullanis
365 252 408 284 et
421 259 519 298 agro
533 245 753 297 Campano.
792 247 1031 299 Aequaliter
1043 254 1116 287 aut
1128 255 1237 288 sorte
1249 263 1366 303 agros

139 322 162 354 4
178 316 403 368 legionibus
435 319 629 368 assignari
659 323 760 367 puto
792 323 993 368 oportere.
1050 319 1164 358 Haec
1194 333 1261 359 me
1291 322 1366 360 tibi

178 388 352 425 scribere
372 400 453 425 non
471 387 690 438 prudentia
708 401 802 426 mea
821 388 1020 435 hortatur,
1039 390 1113 428 sed
1132 403 1244 429 amor
1262 394 1305 429 in
1322 398 1367 430 te

179 463 223 496 et
249 458 449 508 cupiditas
477 461 549 503 oti,
567 458 676 509 quod
703 461 789 496 sine
817 464 861 497 te
883 462 1102 498 consistere
1119 474 1200 499 non
1215 467 1367 512 potest.

177 528 281 580 Ego,
294 531 369 566 nisi
384 528 501 566 valde
520 542 685 566 necesse
699 528 836 575 fuerit,
852 543 903 567 ex
923 530 1042 568 Italia
1059 544 1140 569 non
1159 532 1367 572 excedam.

179 598 379 650 Legiones
392 611 518 644 armo,
530 612 628 649 paro
646 611 656 644 ;
683 612 801 650 spero
813 613 880 637 me
892 613 974 638 non
984 604 1204 651 pessimum
1217 605 1367 641 exerci-

176 675 266 708 tum
282 669 516 707 habiturum
533 669 587 707 ad
604 683 742 708 omnes
760 683 874 708 casus
893 676 936 708 et
953 673 1129 722 impetus
1146 671 1366 712 hominum.

178 740 243 778 De
280 742 476 785 exercitu,
513 752 636 791 quem
673 739 804 778 Pansa
840 740 996 786 habuit,
1031 741 1234 793 legionem
1269 743 1367 781 mihi

176 809 325 848 Caesar
355 822 437 847 non
466 812 654 848 remittit.
711 810 779 848 Ad
808 810 880 848 has
911 810 1068 849 litteras
1099 815 1239 850 statim
1267 813 1366 851 mihi

174 880 348 917 rescribe
381 885 626 930 tuorumque
658 880 835 931 aliquem
867 883 1002 926 mitte,
1034 884 1068 919 si
1099 882 1198 933 quid
1228 895 1366 921 recon-

174 949 306 988 ditum
333 952 463 1001 magis
492 952 570 987 erit
597 963 745 1001 meque
773 953 874 988 scire
902 963 1002 1002 opus
1029 954 1198 1003 putaris.
1251 951 1365 992 Vale.

171 1031 264 1059 vm.
283 1019 375 1058 Kal.
395 1019 485 1058 Iun.
504 1020 720 1071 Eporedia.

346 1309 393 1337 M.
418 1310 456 1336 T.
483 1311 518 1336 C.
544 1309 577 1336 S.
603 1310 644 1336 D.
672 1311 711 1336 D.
739 1310 869 1336 BRUTO
895 1310 984 1338 nss’.
1010 1311 1090 1338 COS.»
1115 1311 1202 1340 DES·

588 1404 735 1443 Romae,
751 1416 857 1438 A.u.c.
875 1407 954 1439 711.

136 1487 155 1519 1
225 1480 280 1519 Di
316 1482 383 1519 isti
424 1480 586 1532 Segulio
622 1480 894 1527 malefaciant,
932 1481 1082 1520 homini
1118 1485 1362 1534 nequissimo

174 1554 366 1596 omnium,
403 1554 472 1602 qui
509 1556 616 1596 sunt,
651 1554 720 1602 qui
756 1550 936 1598 fuerunt,
973 1555 1042 1604 qui
1077 1551 1204 1591 futuri
1239 1555 1359 1592 sunt!

175 1621 283 1669 Quid
300 1622 315 1659 ?
358 1627 404 1659 tu
420 1621 532 1658 illum
548 1627 685 1659 tecum
701 1621 830 1660 solum
846 1628 919 1660 aut
934 1636 1025 1660 cum
1044 1622 1217 1661 Caesare
1234 1624 1249 1662 ?
1292 1627 1361 1675 qui

174 1694 378 1729 neminem
402 1694 734 1742 praetermiserit,
760 1694 921 1743 quicum
947 1692 1055 1744 loqui
1079 1696 1273 1743 potuerit,
1296 1697 1361 1732 cui

174 1775 255 1800 non
284 1761 428 1799 eadem
453 1764 533 1800 ista
560 1762 739 1800 dixerit?
792 1762 850 1799 Te
878 1767 1031 1808 tamen,
1058 1765 1114 1800 mi
1139 1763 1280 1810 Brute,
1305 1766 1361 1802 sic

174 1845 280 1877 amo,
301 1837 348 1869 ut
367 1831 512 1877 debeo,
533 1832 642 1883 quod
662 1832 783 1877 istud,
805 1832 1001 1883 quidquid
1021 1838 1142 1878 esset,
1162 1846 1360 1885 nugarum

331 1947 347 1962 ⁰
368 1943 452 1976 This
469 1942 570 1976 letter
585 1944 613 1976 is
629 1954 651 1976 a
667 1943 765 1986 reply
780 1946 817 1976 to
833 1943 891 1976 the
907 1943 1098 1986 preceding
1112 1954 1188 1977 one.

177 1999 254 2034 482
