1448 2236
678 83 879 122 CICERO

734 189 817 226 XII

569 281 707 307 CICERO
736 281 983 308 DOLABELLAE

532 346 574 379 In
592 346 798 386 Puteolano,
815 357 921 381 Aue.
939 349 1016 381 ¹709.

140 421 158 455 1
230 417 420 455 Gratulor
435 416 540 454 Baiis
558 419 717 462 nostris,
734 417 948 468 siquidem,
964 423 1011 456 ut
1026 419 1176 465 scribis,
1192 419 1371 459 salubres
1441 403 1448 468 i

179 477 352 522 repente
382 470 517 508 factae
548 476 671 516 sunt3
719 473 793 508 nisi
824 470 930 510 forte
961 477 1005 510 te
1037 479 1189 519 amant,
1221 480 1265 512 et
1294 475 1369 513 tibi
1441 482 1448 523 ς

180 531 452 570 assentantm,
470 531 513 563 et
528 525 700 570 tamdiu,
716 525 813 563 dum
829 531 877 564 tu
893 526 1004 572 ades,
1020 532 1115 566 sunt
1129 528 1280 567 oblitae
1295 531 1369 567 sui.

181 580 302 627 Quod
320 579 486 643 quidem
505 581 537 616 si
555 581 615 617 ita
635 585 711 625 est,
730 581 896 618 minime
915 582 1049 627 miror,
1067 581 1225 620 caelum
1245 585 1370 621 etiam
1435 531 1448 624 i

180 640 224 672 et
247 640 375 672 terras
399 636 481 671 vim
505 647 634 678 suam,
658 635 692 671 si
715 634 791 672 tibi
813 636 873 672 ita
895 637 1123 681 conveniat,
1147 636 1368 675 dimittere.

140 694 161 726 2
181 687 461 727 Oratiunculam
474 701 543 741 pro
557 687 751 733 Deiotaro,
767 701 890 738 quam
904 690 1152 739 requirebas,
1167 690 1369 729 habebam

179 756 354 787 mecum,
378 742 487 792 quod
510 756 590 780 non
613 748 815 792 putaram.
870 743 1016 794 Itaque
1041 757 1132 782 eam
1154 746 1230 783 tibi
1252 747 1368 783 misi.

179 810 301 848 quam
325 796 446 836 velim
469 798 524 834 sic
546 796 672 847 legas,
696 801 743 834 ut
765 810 927 835 causam
950 803 1118 836 tenuem
1143 804 1186 837 et
1207 801 1369 850 inopem

178 864 253 889 nec
268 853 485 901 scriptione
500 863 648 901 magno
665 863 787 900 opere
802 851 980 902 dignam.
1034 851 1116 890 Sed
1131 866 1207 903 ego
1221 853 1368 904 hospiti

178 907 307 943 veteri
330 910 373 942 et
395 906 522 942 amico
544 904 826 942 munusculum
847 907 1013 943 mittere
1034 906 1141 944 volui
1161 907 1367 946 levidense

181 972 312 997 crasso
333 958 412 1004 filo,
433 959 657 997 cuiusmodi
675 961 798 1009 ipsius
819 959 952 998 solent
973 972 1061 998 esse
1080 973 1262 999 munera.
1307 962 1367 999 Tu

178 1013 298 1051 velim
325 1015 458 1050 animo
484 1015 658 1063 sapienti
686 1012 862 1064 fortique
888 1015 954 1058 sis,
976 1019 1023 1052 ut
1050 1020 1124 1053 tua
1144 1015 1368 1055 moderatio

180 1073 223 1106 et
240 1069 415 1119 gravitas
435 1066 603 1106 aliorum
619 1065 793 1106 infamet
810 1070 1009 1106 iniuriam.

743 1186 849 1224 XIII

545 1279 680 1305 CICERO
708 1279 952 1305 DOLABELLAE
978 1279 1011 1306 S·

561 1345 696 1378 Romae
713 1344 769 1387 (ἓ),
786 1356 891 1378 A.u.c.
909 1347 986 1379 709.

141 1413 156 1445 1
229 1407 274 1446 G.
306 1406 526 1445 Subernius
558 1405 731 1444 Calenus
763 1411 807 1444 et
836 1419 950 1444 meus
982 1412 1045 1445 est
1074 1406 1294 1453 familiaris,
1326 1413 1368 1446 et

179 1461 337 1516 Leptae
360 1463 484 1499 nostri
507 1460 804 1498 familiarissimi
824 1464 1160 1511 pernecessarius.
1214 1462 1253 1499 Is
1275 1475 1367 1500 cum

225 1543 242 1558 ‘¹
264 1538 433 1571 Tetrarch
470 1537 510 1570 of
544 1537 699 1576 Galatia,
736 1538 816 1570 who
852 1538 1042 1580 staunchly
1077 1538 1270 1580 supported
1307 1539 1367 1571 the

181 1582 340 1615 Romans
369 1582 406 1613 in
434 1581 525 1614 their
553 1591 643 1614 wars
672 1582 814 1623 against
845 1581 1082 1621 Mithridates,
1111 1581 1184 1614 and
1213 1592 1285 1614 was
1314 1593 1367 1615 re·
1447 1588 1448 1592 ’

179 1624 322 1657 wat-ded
344 1624 394 1666 by
415 1624 476 1656 the
498 1623 628 1657 Senate
650 1624 735 1656 with
757 1624 818 1657 the
838 1624 915 1657 title
936 1624 976 1657 of
994 1635 1065 1663 rex,
1089 1624 1161 1657 and
1183 1625 1244 1658 the
1265 1624 1365 1657 addi·
1433 1630 1441 1667 ’,

179 1669 254 1701 tion
283 1667 324 1700 of
350 1667 521 1700 Armenia
553 1667 674 1699 Minor
702 1670 740 1699 to
769 1667 823 1699 his
852 1667 1065 1700 dominions.
1113 1667 1156 1700 In
1185 1668 1246 1700 the
1276 1667 1366 1700 Civil
1438 1681 1441 1689 ·

178 1711 264 1744 war
283 1711 328 1744 he
348 1709 448 1743 sided
468 1709 552 1742 with
575 1710 745 1751 Pompey‚
766 1709 839 1742 and
859 1720 931 1742 was
951 1713 1093 1752 present
1112 1714 1150 1743 at
1171 1710 1365 1743 Pharsalia.
1435 1746 1441 1752 ‚

181 1754 224 1787 In
253 1756 297 1788 45
327 1765 359 1786 Β.
362 1764 392 1786 c.
422 1753 476 1786 his
503 1752 685 1795 grandson
714 1752 840 1785 Castor
866 1752 1017 1786 aeeused
1045 1753 1119 1785 him
1148 1753 1189 1786 of
1212 1753 1367 1796 plotting
1435 1753 1441 1776 :·

179 1798 323 1838 against
341 1795 483 1829 Caesar’
485 1806 502 1829 s
520 1795 581 1829 life
600 1796 702 1829 when
721 1796 766 1828 he
785 1795 943 1828 received
962 1795 1120 1829 Caesar'
1111 1807 1148 1828 1n
1168 1795 1338 1830 Galatia
1329 1807 1364 1828 ιη
1435 1807 1439 1830 5

180 1842 237 1873 47.
277 1840 342 1915 l{Ie
360 1850 433 1873 was
447 1838 626 1872 defended
644 1839 695 1881 by
713 1838 847 1878 Cicer0‚
865 1838 932 1872 but
948 1839 1009 1872 the
1027 1838 1136 1872 result
1153 1839 1193 1871 of
1208 1839 1268 1872 the
1285 1840 1365 1872 trial
1434 1869 1438 1877 ,

181 1883 211 1916 is
226 1893 275 1915 un
305 1893 422 1915 nown.
1435 1901 1438 1908 =

229 1925 243 1945 ⁶
265 1927 333 1965 i.e.‚
351 1929 412 1958 not
427 1936 474 1958 an
490 1924 670 1958 elaborate
684 1924 846 1958 artificial
862 1926 959 1967 pieee
975 1924 1016 1958 of
1027 1925 1273 1967 composition.

229 1973 241 1990 ⁶
264 1968 310 2008 Q.
338 1968 463 2010 Lepta,
489 1979 511 2000 a
538 1970 655 2001 native
680 1967 720 2001 of
743 1967 844 2001 Cales
870 1969 906 2000 in
933 1967 1142 2010 Campania,
1168 1977 1240 2000 was
1261 1978 1365 2009 prae·
1432 1959 1437 1977 ³

183 2024 261 2057 220
