1448 2236
672 54 875 94 CICERO

178 156 482 196 similitudinem
501 171 584 197 non
601 161 684 197 iam
703 159 756 198 ad
774 160 980 206 invidiam,
999 161 1074 200 sed
1093 161 1146 200 ad
1164 160 1369 200 fortunam

178 211 434 258 transferam,
460 225 583 263 quam
610 215 797 252 existimo
821 213 955 253 levem
981 220 1025 254 et
1048 216 1292 254 imbecillam
1317 217 1370 254 ab

179 267 312 304 animo
331 266 446 304 firmo
466 272 510 305 et
527 269 641 318 gravi
660 273 870 318 tamquam
889 268 1059 307 fluctum
1077 282 1102 307 a
1120 282 1218 308 saxo
1236 269 1370 321 frangi

177 325 378 370 oportere.
431 320 596 358 Etenim
613 335 706 359 cum
723 322 846 372 plena
862 325 944 361 sint
961 328 1226 362 monumenta
1244 323 1370 362 Grae-

177 387 329 420 corum,
351 375 694 425 quemadmodum
716 378 1000 427 sapientissimi
1022 379 1096 415 viri
1116 390 1244 429 regna
1265 377 1369 416 tule-

176 429 258 465 rint
277 428 342 466 vel
360 428 533 467 Athenis
552 429 618 468 vel
637 429 856 481 Syracusis,
874 444 980 476 cum,
999 432 1268 470 servientibus
1287 433 1368 469 suis

180 483 424 528 civitatibus,
467 482 619 522 fuerint
660 485 736 534 ipsi
779 484 1075 535 quodammodo
1120 485 1249 531 liberi,
1292 498 1368 537 ego

162 548 246 585 ⁸me
278 550 359 574 non
393 542 537 587 putem
570 540 676 576 tueri
711 551 849 576 meum
883 544 1037 577 statum
1071 541 1128 577 sic
1160 551 1293 590 posse,
1321 544 1369 577 ut

179 602 314 640 neque
326 590 529 629 offendam
543 594 722 630 animum
736 595 986 643 cuiusquam,
996 606 1072 631 nec
1086 591 1271 645 frangam
1282 592 1368 644 dig-

140 649 160 680 ’1
178 646 353 682 nitatem
381 646 545 683 meam?
610 645 727 684 Nunc
763 649 882 685 venio
918 647 971 685 ad
1005 649 1225 686 iocationes
1261 652 1367 692 tuas,

178 701 368 748 quoniam
391 704 438 737 tu
461 699 683 738 secundum
703 698 930 737 Oenomaum
949 701 1074 746 Accii,
1093 715 1188 746 non,
1207 706 1254 739 ut
1272 700 1367 739 olim

178 751 349 798 solebat,
375 753 622 799 Atellanam,
648 754 735 799 sed,
761 759 808 792 ut
832 768 939 793 nunc
965 754 1025 801 fit,
1050 757 1218 793 mimum
1242 756 1366 792 intro-

178 806 342 845 duxisti.
390 807 524 854 Quem
536 813 583 845 tu
595 807 693 845 mihi
705 808 941 859 pompilum‚
953 821 1076 860 quem
1087 805 1365 860 thynnarium¹

177 873 314 898 narras
332 862 346 898 ?
385 874 507 911 quam
528 861 765 913 tyrotarichi
785 865 969 913 patinam
986 863 1002 901 ?
1040 863 1254 901 Facilitate
1273 874 1367 900 mea

177 916 255 952 ista
267 913 506 953 ferebantur
520 921 643 953 antea
660 928 670 961 ;
698 929 804 954 nunc
818 921 978 954 mutata
990 929 1055 954 res
1070 921 1146 954 est.
1187 916 1365 954 Hirtium

178 980 254 1019 ego
278 974 322 1006 et
345 968 599 1007 Dolabellam
619 970 779 1008 dicendi
797 970 1009 1020 discipulos
1031 970 1176 1016 habeo,
1194 969 1365 1008 cenandi

175 1024 402 1072 magistros.
457 1022 561 1061 Puto
592 1026 714 1069 enim,
743 1029 787 1062 te
816 1024 990 1071 audisse,
1019 1026 1052 1062 si
1079 1023 1186 1063 forte
1215 1023 1268 1062 ad
1294 1036 1364 1062 vos

176 1078 311 1113 omnia
339 1076 612 1127 perferuntur,
642 1077 730 1116 illos
760 1078 870 1128 apud
897 1091 964 1116 me
993 1078 1268 1124 declamitare,
1296 1090 1363 1115 me

177 1130 284 1180 apud
319 1143 386 1168 eos
418 1133 611 1169 cenitare.
663 1132 726 1169 Tu
759 1138 911 1178 autem,
944 1132 1054 1183 quod
1083 1132 1182 1170 mihi
1213 1132 1362 1170 bonam

175 1185 332 1234 copiam
346 1187 490 1230 eiures,
503 1185 601 1222 nihil
615 1191 676 1223 est
694 1198 704 1231 ;
731 1190 820 1223 tum
833 1188 954 1232 enim,
966 1199 1058 1224 cum
1069 1199 1156 1224 rem
1169 1185 1361 1231 habebas,

175 1239 432 1288 quaesticulis
451 1244 494 1276 te
512 1238 689 1277 faciebat
707 1242 970 1278 attentiorem
987 1253 997 1286 ;
1028 1253 1148 1286 nunc,
1165 1253 1257 1278 cum
1274 1245 1360 1277 tam

175 1304 306 1342 aequo
331 1295 464 1331 animo
488 1293 595 1331 bona
620 1293 781 1344 perdas,
805 1307 886 1332 non
906 1299 969 1332 est
992 1292 1118 1345 quod²
1139 1307 1218 1332 non
1239 1306 1288 1346 eo
1310 1295 1362 1331 sis

173 1346 349 1392 consilio,
369 1352 429 1392 ut,
448 1360 540 1385 cum
558 1361 625 1385 me
643 1347 816 1398 hospitio
834 1350 1017 1398 recipias,
1035 1349 1360 1386 aestimationem

219 1422 233 1442 ¹
256 1422 442 1457 Rutilius:
475 1423 661 1457 denarium
684 1424 795 1463 codd..
820 1424 841 1438 ‘⁴
856 1423 1080 1467 ninepence,”
1103 1425 1158 1458 i.e.
1183 1423 1205 1438 ‘⁸
1220 1434 1242 1457 a
1263 1423 1362 1457 nine-

171 1476 290 1508 penny
305 1466 469 1499 dinner.”

221 1508 234 1528 ²
255 1520 328 1542 non
343 1513 397 1542 est
411 1509 508 1552 quod
525 1511 555 1543 ie
570 1510 781 1543 Lehmann’s
797 1511 979 1549 insertion,
991 1511 1142 1553 adopted
1157 1510 1198 1553 by
1212 1509 1360 1552 Tyrrell.

220 1597 237 1613 ⁸
258 1593 353 1626 That
380 1593 401 1607 “
412 1593 577 1636 jealousy
604 1604 715 1627 wears
742 1594 847 1627 down
875 1595 920 1628 its
946 1595 1068 1628 victim
1095 1604 1136 1628 as
1163 1605 1185 1627 a
1211 1593 1360 1635 rushing

173 1639 308 1669 torrent
322 1636 363 1669 of
375 1640 483 1669 water
498 1637 621 1669 erodes
637 1648 659 1669 a
675 1637 785 1671 cliff.’'

221 1679 235 1700 δ
259 1679 317 1712 He
335 1679 443 1713 refers
462 1682 500 1713 to
520 1679 683 1713 Socrates
702 1684 741 1713 at
760 1681 898 1713 Athens
917 1680 1030 1714 under
1049 1680 1110 1714 the
1128 1680 1266 1722 Thirty,
1285 1678 1356 1712 and

174 1722 276 1755 Plato
292 1726 330 1755 at
346 1722 522 1765 Syracuse
537 1723 650 1756 under
666 1723 870 1765 Dionysius.

221 1770 233 1787 ⁰
256 1765 362 1799 Since
387 1765 517 1800 Sulla's
542 1767 627 1798 time
653 1766 712 1799 the
731 1767 878 1809 fabulae
899 1766 1088 1799 Atellanae
1107 1765 1215 1808 (light
1238 1765 1358 1799 Oscan

173 1808 288 1851 plays,
310 1809 402 1842 after
422 1809 483 1842 the
503 1809 645 1842 fashion
667 1809 708 1842 of
727 1809 846 1843 Greek
868 1810 987 1842 satiric
1008 1809 1162 1847 dramas,
1184 1819 1224 1842 so
1245 1807 1358 1841 called

170 1851 265 1884 from
293 1852 412 1885 Atella
440 1853 476 1885 in
505 1852 715 1895 Campania,
744 1853 887 1885 whence
914 1853 999 1895 they
1027 1852 1240 1895 originated)
1267 1862 1358 1884 were

171 1895 354 1971 {generally
372 1895 587 1938 superseded
606 1895 656 1937 by
670 1895 782 1934 mimi,
797 1906 820 1928 a
839 1905 978 1928 coarser
996 1895 1090 1928 form
1109 1895 1150 1929 of
1165 1895 1303 1934 drama,
1318 1905 1356 1927 or

187 1948 278 1971 arce.

176 1994 254 2028 244
