1448 2236
656 82 857 122 CICERO

162 186 367 236 quodnam
395 187 446 225 ob
476 186 604 224 scelus
633 189 711 224 iter
739 186 836 224 mihi
865 188 1135 225 necessarium
1162 192 1271 225 retro
1299 185 1350 224 ad

162 238 288 290 Alpes
307 253 444 278 versus
470 241 643 278 incidit?
708 240 807 279 Ι(100
826 241 935 292 quod
956 240 1142 280 Intimilii
1166 243 1208 278 in
1232 243 1350 278 armis

162 299 271 338 sunt,
295 307 430 344 neque
458 294 510 331 de
533 307 682 345 magna
704 307 838 333 causa.
891 293 1107 337 Bellienus,
1126 307 1251 332 verna
1269 293 1352 332 De-
1419 326 1422 328 ,

162 350 295 392 metri,
319 350 388 398 qui
415 348 470 385 ibi
499 361 590 385 011111
615 348 814 398 praesidio
839 353 940 394 erat,
965 348 1191 386 Domitium
1213 360 1352 398 quem-

162 400 270 445 dam,
305 401 481 438 nobilem
515 401 593 439 illie
628 401 809 440 Caesaris
844 401 1060 452 hospitem,
1095 415 1120 439 a
1153 403 1353 439 contraria
1420 416 1425 425 s

162 453 338 492 factione
356 457 530 492 nummis
548 458 724 505 acceptis
743 455 1050 505 comprehendit
1068 461 1112 493 et
1129 453 1353 505 strangula—

161 510 232 546 vit.
267 507 416 546 Civitas
435 509 487 547 ad
504 522 616 546 arma
632 512 692 547 iit.
727 509 787 547 Eo
804 522 897 548 cum
913 514 1107 559 quattuor
1124 508 1352 546 cohortibus

162 562 256 598 mihi
281 575 354 612 per
376 565 486 600 nives
510 563 689 600 eundum
712 569 787 601 est.
842 562 1161 614 Usquequaque,
1182 564 1351 612 inquies,

162 628 206 652 se
252 615 420 653 Domitii
465 616 571 653 male
616 616 729 654 dant.
783 615 940 654 Vellem
985 616 1150 667 quidem
1194 615 1352 652 Venere

161 675 384 719 prognatus
404 675 567 707 tantum
587 673 710 707 animi
729 669 938 708 habuisset
957 671 999 707 in
1017 675 1152 708 vestro
1173 668 1352 706 Domitio

162 729 361 815 quangum
398 723 577 762 Psecade
614 729 735 762 natus
772 726 814 761 in
851 723 925 762 hoc
962 723 1119 762 habuit.
1173 721 1352 761 Ciceroni

183 805 192 814 .
213 790 244 815 s.
297 806 306 815 .

709 904 806 943 XVI

436 1011 482 1039 M.
509 1012 668 1038 CAELIUS
695 1012 727 1037 S.
756 1012 793 1037 D.
822 1011 868 1037 M.
896 1011 1080 1037 CICERONI

542 1094 689 1127 Intimili
705 1094 760 1136 (?),
776 1104 884 1126 A.u.c.
901 1096 979 1127 705.

126 1186 141 1217 1
213 1178 480 1216 Exanimatus
524 1180 604 1216 tuis
648 1178 808 1223 litteris,
855 1178 1000 1229 quibus
1044 1182 1087 1215 te
1133 1175 1232 1214 nihil
1276 1177 1351 1213 nisi

163 1234 280 1269 triste
304 1235 484 1282 cogitare
509 1231 735 1277 ostendisti,
759 1244 907 1282 neque,
931 1231 974 1269 id
997 1230 1094 1282 quid
1119 1235 1240 1275 esset,
1262 1242 1352 1279 per-

163 1288 368 1335 scripsisti,
414 1298 548 1336 neque
589 1298 671 1323 non
715 1290 868 1330 tamen,
915 1284 1034 1335 quale
1077 1289 1198 1329 esset,
1244 1281 1351 1347 quod

163 1342 376 1389 cogitares,
401 1341 609 1389 aperuisti,
637 1338 708 1376 has
734 1338 837 1376 illico
865 1338 919 1376 ad
945 1343 989 1376 te
1017 1337 1173 1376 litteras
1200 1338 1351 1386 scripsi.

164 1392 242 1430 Per
267 1392 449 1430 fortunas
476 1398 581 1438 tuas,
607 1391 760 1437 Cicero,
786 1405 860 1442 per
883 1391 1043 1437 liberos,
1069 1404 1152 1436 oro,
1174 1391 1351 1435 obsecro,

164 1459 215 1484 ne
256 1447 354 1497 quid
399 1449 558 1497 gravius
599 1446 651 1484 de
697 1445 828 1484 salute
870 1451 914 1483 et
955 1444 1235 1497 *incolumitate
1279 1448 1352 1481 tua

163 1500 359 1538 consulas.
407 1500 512 1537 Nam
539 1500 637 1538 deos
664 1499 929 1550 hominesque
956 1501 1255 1548 amicitiamque
1282 1509 1352 1534 no-

163 1559 290 1591 stram
317 1553 525 1599 testificor,
551 1566 618 1591 me
646 1554 720 1591 tibi
748 1553 1009 1603 praedixisse,
1034 1555 1168 1603 neque
1196 1557 1351 1589 temere

163 1609 365 1645 monuisse
384 1619 394 1652 ;
428 1607 500 1645 sed
518 1612 736 1657 postquam
755 1606 969 1644 Caesarem
989 1607 1245 1643 convenerim
1263 1616 1351 1642 sen-

213 1707 228 1722 '1
252 1702 285 1734 A
321 1702 492 1744 Ligurian
524 1701 661 1743 people.
712 1701 818 1734 Their
849 1700 946 1734 chief
973 1703 1068 1734 town
1100 1709 1174 1733 was
1202 1698 1351 1732 Albium

166 1744 395 1784 Intimilium,
412 1756 492 1777 now
516 1744 755 1786 Ventimiylia.

217 1788 230 1808 ¹1
253 1787 372 1821 Julius
388 1787 530 1821 Caesar.

215 1830 440 1870 Bellienus,
457 1841 521 1864 son
541 1829 581 1863 of
595 1829 790 1863 Psecas—a
808 1840 974 1862 common
992 1839 1098 1862 name
1114 1827 1172 1861 for
1192 1837 1215 1861 a
1235 1825 1351 1870 lady's

166 1874 263 1906 maid
280 1885 320 1907 or
335 1876 415 1907 tire·
401 1884 556 1906 w-oman
573 1873 633 1915 (cf.
650 1873 673 1906 J
676 1883 733 1905 uv
749 1874 796 1906 vi.
812 1873 906 1914 491)

209 1916 224 1935 α
247 1917 271 1949 f.
289 1927 315 1949 s.
333 1916 368 1950 d.
378 1916 482 1949 =filio
498 1915 649 1950 salutem
664 1915 722 1948 do.

213 1959 338 1993 Or“
353 1959 555 2002 frightened
571 1963 608 1993 to
623 1957 769 1992 death.”
815 1941 918 1992 How.

176 2014 250 2052 174
