1430 2242
680 39 880 79 CICERO

188 149 413 194 exspectes,
445 156 569 194 quam
601 143 766 194 longum
797 146 920 182 istum
950 149 1069 182 tuum
1100 144 1318 183 discessum
1349 158 1374 183 a

186 198 300 235 nobis
314 196 497 235 futurum
509 202 643 247 putes.
696 196 759 235 Sic
774 199 882 235 enim
895 197 970 235 tibi
982 199 1226 248 persuadeas
1239 199 1373 244 velim,

187 265 312 288 unum
333 251 431 289 mihi
454 264 541 289 esse
563 251 763 296 solatium,
785 264 910 302 quare
930 250 1084 290 facilius
1111 254 1261 303 possim
1287 255 1374 303 pati

186 310 229 343 te
251 318 339 343 esse
358 307 444 343 sine
464 305 593 350 nobis,
613 307 643 342 si
666 305 740 342 tibi
762 317 849 342 esse
868 305 911 343 id
931 305 1204 344 emolumento
1223 308 1347 344 sciam
1362 318 1373 352 ;

186 361 247 396 sin
266 364 407 396 autem
426 358 468 397 id
488 371 570 396 non
589 363 665 403 est,
686 358 784 395 nihil
803 359 959 396 duobus
979 359 1094 398 nobis
1115 365 1179 397 est
1198 359 1373 405 stultius,

185 425 265 458 me,
293 415 361 463 qui
389 418 432 450 te
459 425 540 450 non
566 411 737 449 Romam
763 412 982 457 attraham,
1008 417 1066 458 te,
1094 415 1163 464 qui
1189 426 1270 451 non
1295 413 1373 451 huc

185 465 361 504 advoles.
415 465 509 504 Una
526 465 755 503 mehercule
772 471 910 504 nostra
925 465 991 504 vel
1005 479 1147 504 severa
1162 466 1227 505 vel
1243 469 1374 505 iocosa

185 521 412 571 congressio
443 519 566 570 pluris
599 522 676 557 erit
706 532 829 570 quam
859 533 941 557 non
970 519 1090 558 modo
1120 520 1271 566 hostes,
1302 520 1375 559 sed

187 576 312 611 etiam
323 573 468 611 fratres
481 575 607 611 nostri
621 573 795 611 Haedui.
836 573 972 621 Quare
987 574 1172 612 omnibus
1186 574 1239 612 de
1253 574 1372 612 rebus

184 626 249 665 fac
267 633 313 665 ut
332 639 455 678 quam
472 630 647 677 primum
664 629 799 665 sciam.

371 696 445 730 Aut
460 696 677 730 consolando
692 700 755 730 aut
770 697 916 730 consilio
931 699 995 730 aut
1010 707 1047 730 re
1063 697 1195 731 iuvero.

750 876 810 915 XI

600 985 739 1010 CICERO
765 984 960 1009 TREBATIO

600 1061 748 1099 Romae,
764 1071 870 1093 A.u.c.
888 1063 966 1094 701.

149 1136 166 1169 1
237 1131 323 1169 Nisi
350 1135 448 1168 ante
475 1129 604 1167 Roma
630 1128 835 1180 profectus
864 1141 985 1174 esses,
1012 1141 1118 1166 nunc
1146 1140 1237 1166 eam
1264 1134 1374 1167 certe

185 1184 446 1235 relinqueres.
500 1184 599 1230 Quis
633 1185 753 1228 enim,
785 1188 850 1220 tot
880 1184 1135 1232 interregnis,
1165 1184 1252 1220 iure
1283 1195 1373 1220 con-

185 1238 337 1277 sultum
358 1237 563 1276 desiderat
581 1237 596 1274 ?
650 1237 738 1287 Ego
760 1236 958 1280 omnibus,
981 1234 1088 1274 unde
1110 1238 1278 1285 petitur,
1299 1235 1374 1274 hoc

185 1291 322 1331 consili
362 1291 558 1336 dederim,
598 1295 645 1328 ut
683 1303 709 1327 a
748 1288 912 1340 singulis
951 1289 1221 1339 interregibus
1260 1289 1373 1327 binas

186 1346 469 1384 advocationes
497 1343 719 1395 postulent.
773 1342 932 1381 Satisne
960 1343 1035 1380 tibi
1063 1342 1201 1380 videor
1228 1342 1301 1381 abs
1329 1348 1373 1381 te

147 1405 168 1436 2
186 1402 247 1438 ius
260 1399 374 1438 civile
386 1399 571 1437 didicisse
588 1398 603 1435 ?
658 1397 737 1435 Sed
750 1397 850 1435 heus
862 1402 923 1441 tu,
936 1396 1034 1447 quid
1045 1398 1130 1446 agis
1147 1396 1164 1433 ?
1217 1395 1374 1447 Ecquid

236 1497 251 1513 ⁰
276 1492 329 1526 Of
356 1493 474 1525 whom
503 1492 564 1525 the
595 1491 725 1524 Senate
755 1490 827 1523 had
859 1489 996 1532 spoken
1026 1500 1067 1522 as
1098 1488 1120 1503 “
1134 1489 1261 1522 fratres
1291 1499 1373 1522 con-

189 1535 523 1611 εαῐέἕέἰῐιείᾳιιε,’ἷ’1“
538 1535 699 1611 ὺῖοῒὸὶὲετε
715 1533 787 1566 and
805 1532 1007 1566 kinsmen.”

305 1589 439 1617 erenee,
495 1589 559 1611 eau
578 1602 586 1610 .
651 1602 660 1610 .

237 1627 250 1644 ⁶
275 1622 333 1655 No
352 1622 444 1664 legal
464 1622 624 1654 business
643 1619 748 1653 could
767 1619 812 1653 be
830 1617 1031 1652 transacted
1050 1617 1154 1651 durin
1199 1628 1246 1650 an
1266 1618 1374 1651 inter-

189 1676 345 1707 reqnum,
362 1664 434 1697 and
449 1665 519 1697 this
535 1674 620 1706 year
635 1663 708 1705 (53)
725 1663 811 1696 such
827 1661 985 1695 disorder
999 1662 1118 1703 preva'
1133 1628 1182 1694 eg
1192 1663 1231 1694 at
1246 1659 1371 1699 Rome,

189 1708 260 1742 due
274 1712 312 1742 to
326 1708 386 1741 the
402 1707 615 1741 obstructive
633 1707 756 1739 tactics
778 1705 819 1739 of
836 1706 897 1738 the
911 1705 1080 1742 tribunes,
1096 1704 1174 1737 that
1188 1703 1249 1736 the
1264 1703 1373 1736 inter-

190 1763 299 1793 reyna
327 1750 518 1784 continued
547 1761 597 1792 up
630 1752 667 1782 to
697 1749 720 1782 J
723 1748 796 1790 uly,
822 1748 924 1781 when
953 1747 1094 1781 consuls
1119 1757 1210 1780 were
1237 1749 1275 1779 at
1303 1746 1372 1780 last

190 1794 396 1837 appointed.
444 1794 503 1826 An
527 1794 767 1834 interreynum
789 1791 826 1834 (a
853 1794 944 1824 term
971 1789 1166 1823 continued
1193 1789 1286 1822 after
1311 1789 1372 1822 the

190 1838 377 1880 expulsion
394 1838 436 1870 of
447 1837 509 1870 the
525 1835 650 1878 k‘mgs)
666 1837 800 1872 meant,
813 1833 928 1867 under
944 1833 1005 1866 the
1020 1832 1192 1874 republic‚
1209 1831 1270 1865 the
1286 1833 1372 1865 time

190 1881 350 1914 between
378 1880 439 1913 the
465 1879 575 1913 death
601 1889 642 1911 or
667 1879 870 1911 retirement
893 1877 935 1910 of
953 1876 1014 1909 the
1040 1875 1185 1909 consuls
1211 1874 1284 1908 and
1311 1875 1372 1908 the

193 1924 345 1957 election
362 1924 404 1957 of
416 1933 494 1956 new
510 1932 608 1956 ones.

188 1974 240 2013 36
