1448 2236
675 68 876 108 CICERO

181 170 267 209 Nisi
284 173 327 210 in
343 172 607 211 multitudine
625 175 871 224 optimorum
888 175 1035 212 civium
1051 176 1230 226 impetus
1247 177 1369 214 animi

180 246 262 282 mei
294 243 418 283 fuerit
449 244 660 296 singularis
694 251 738 284 et
769 259 894 298 opera
923 247 1156 298 praecipua,
1187 247 1286 286 nihil
1318 248 1370 287 ad
1432 231 1436 297 J

179 330 315 355 meam
333 317 578 368 dignitatem
597 319 791 358 accedere
808 319 897 358 volo
915 318 1204 372 suffragatione
1220 326 1368 360 vestra.

140 394 161 427 3
180 389 427 441 Concupisco
472 396 612 429 autem
652 391 753 429 nihil
795 391 895 430 mihi
938 392 1098 444 (contra
1139 393 1249 444 quod
1283 396 1371 445 ipse

179 463 348 515 pugno),
367 463 440 502 sed
459 469 502 502 et
520 466 714 515 temporis
734 470 778 503 et
794 467 856 503 rei
875 470 920 504 te
937 465 1237 505 moderatorem
1254 465 1371 506 facile

179 539 312 588 patior
336 549 436 576 esse.
491 537 600 576 Nihil
622 544 695 576 aut
716 551 806 577 sero
829 544 902 577 aut
924 541 1075 590 exigue
1096 552 1122 578 a
1141 542 1276 591 patria
1295 543 1372 579 civi

179 611 380 649 tributum
393 616 532 662 potest
546 611 686 650 videri.
739 612 977 651 Exercitum
993 626 1029 650 a.
1044 612 1084 651 d.
1099 618 1262 653 sextum
1280 613 1370 652 Kal.

180 683 314 722 Maias
334 683 576 723 Rhodanum
596 687 737 723 traieci
758 688 916 737 magnis
936 686 1160 725 itineribus.
1214 686 1372 726 Vienna

181 760 339 808 equites
360 757 470 796 mille
491 760 556 796 via
575 758 759 797 breviore
778 761 982 810 praemisi.
1037 759 1146 810 Ipse,
1165 762 1200 799 si
1221 760 1272 799 ab
1294 760 1371 800 Le-

177 829 273 880 pido
295 843 377 868 non
398 830 609 880 impediar,
630 829 844 868 celeritate
866 829 1111 868 satisfaciam
1129 843 1140 876 ;
1175 833 1209 870 si
1231 837 1370 870 autem

178 905 315 941 itineri
355 916 447 941 meo
488 915 532 941 se
574 906 822 954 opposuerit,
865 904 917 942 ad
957 909 1120 954 tempus
1161 905 1369 944 consilium
1421 910 1427 914 '

179 979 349 1027 capiam.
403 975 548 1027 Copias
585 977 741 1015 adduco
778 982 822 1016 et
856 989 1025 1015 numero
1061 983 1105 1016 et
1139 990 1291 1028 genere
1327 984 1370 1017 et

180 1049 380 1088 fidelitate
402 1049 659 1088 firmissimas.
713 1050 786 1096 Te,
812 1056 860 1089 ut
887 1050 1030 1106 diligas
1058 1063 1140 1096 me,
1165 1053 1201 1090 si
1226 1057 1370 1090 mutuo

179 1128 224 1161 te
241 1121 444 1160 facturum
462 1125 551 1168 scis,
568 1137 680 1175 rogo.
734 1123 848 1162 Vale.
997 1117 1000 1120 ’

756 1398 796 1436 Χ

619 1524 760 1550 οισΕηο
786 1524 934 1550 meco

593 1619 740 1658 Romae,
757 1629 863 1652 A.u.c.
882 1621 960 1652 711.

143 1711 159 1744 1
231 1706 320 1744 Etsi
350 1707 448 1744 satis
478 1718 529 1744 ex
559 1704 708 1742 Furnio
737 1710 875 1742 nostro
903 1717 1134 1755 cognoram,
1163 1717 1268 1755 quae
1297 1710 1370 1744 tua

179 1779 380 1823 voluntas,
404 1778 512 1829 quod
535 1777 743 1815 consilium
765 1777 818 1815 de
840 1776 1047 1827 republica
1071 1782 1193 1823 esset,
1216 1782 1370 1823 tamen,

179 1854 260 1890 tuis
275 1852 422 1890 litteris
437 1851 568 1897 lectis,
582 1850 771 1902 liquidius
787 1849 840 1898 de
854 1855 944 1888 toto
960 1863 1080 1888 sensu
1095 1855 1168 1888 tuo
1183 1850 1369 1889 iudicavi.

179 1924 470 1972 Quamobrem,
485 1936 732 1974 quamquam
747 1925 788 1960 in
804 1936 883 1961 uno
897 1922 1050 1973 proelio
1064 1924 1192 1960 omnis
1207 1920 1371 1961 fortuna

186 1991 262 2024 322
