1448 2236
698 67 899 107 CICERO

201 169 365 208 traduxi
397 170 615 222 Cassioque
648 172 824 217 tradidi;
870 174 1022 222 primus
1054 171 1236 210 delectus
1266 170 1387 209 habui

202 263 275 301 pro
294 251 424 290 salute
444 255 623 290 omnium
642 258 783 290 contra
801 254 1118 291 coniurationem
1136 251 1388 291 sceleratissi-

202 344 311 369 mam
329 344 339 377 3
375 331 480 370 solus
504 332 650 374 Cassio,
663 338 707 371 et
727 332 971 383 reipublicae
994 332 1151 385 Syriam
1173 335 1389 371 exereitus-

202 424 296 463 que,
321 415 390 463 qui
412 413 468 450 ibi
493 418 622 459 erant,
647 416 849 452 coniunxi.
902 413 1008 451 Nam
1031 416 1106 452 nisi
1130 426 1207 465 ego
1229 418 1388 451 tantam

201 496 415 542 pecuniam
435 499 633 544 tantaque
654 494 855 545 praesidia
876 499 920 532 et
940 499 1027 532 tam
1047 493 1233 532 celeriter
1253 493 1388 532 Cassio

201 573 417 620 dedissem,
443 587 496 612 ne
523 587 642 612 ausus
670 574 835 626 quidem
862 580 970 613 esset
995 577 1054 612 ire
1080 577 1123 612 in
1148 573 1319 626 Syriam,
1345 579 1390 612 et

201 666 306 692 nunc
326 668 406 692 non
425 657 580 693 minora
596 655 774 706 pericula
792 654 1036 706 reipublicae
1056 668 1081 693 a
1100 654 1312 694 Dolabella
1330 656 1388 692 in-

163 740 182 771 ’1
201 740 371 781 starent,
404 749 527 787 quam
559 736 611 774 ab
643 736 835 774 Antonio.
888 737 1026 787 Atque
1059 736 1160 775 haee
1191 738 1325 774 omnia
1354 737 1388 773 is

200 815 292 862 feci,
317 819 386 867 qui
411 817 556 855 sodalis
581 822 625 855 et
648 816 976 855 familiarissimus
1002 816 1239 855 Dolabellae
1264 829 1389 862 eram,

201 900 546 936 coniunctissimus
572 901 768 950 sanguine
794 898 996 944 Antoniis,
1022 899 1266 949 provinciam
1292 910 1389 949 quo-

200 991 280 1029 que
312 978 470 1016 illorum
502 979 698 1017 beneficio
723 979 953 1024 habebam3
992 979 1078 1024 sed,
1102 978 1264 1028 πατρίδα
1297 978 1388 1029 ἐμὴν

199 1059 357 1109 μᾶλλον
385 1059 525 1109 φιλῶν,
548 1060 732 1098 omnibus
761 1063 861 1098 meis
890 1059 1041 1098 bellum
1068 1062 1221 1111 primus
1248 1059 1388 1098 indixi.

200 1139 314 1179 Haec
328 1143 404 1179 etsi
418 1141 548 1179 adhue
561 1155 642 1179 non
652 1154 801 1193 magno
814 1154 936 1192 opere
949 1140 1048 1178 mihi
1059 1140 1200 1179 tulisse
1212 1139 1388 1178 fructum

200 1222 491 1268 animadverto,
505 1228 646 1260 tamen
660 1236 741 1260 non
755 1222 926 1273 despero
940 1235 1016 1260 nec
1030 1220 1286 1273 defetigabor
1299 1234 1389 1272 per-

198 1316 378 1348 manere,
401 1316 481 1340 non
502 1303 630 1341 solum
651 1305 694 1340 in
715 1303 849 1341 studio
871 1302 1084 1348 libertatis,
1106 1302 1180 1341 sed
1201 1304 1326 1341 etiam
1345 1304 1388 1339 in
1446 1346 1448 1353 Ι

199 1383 336 1422 labore
361 1389 404 1422 et
426 1383 624 1434 periculis.
678 1383 877 1421 Attamen
900 1386 933 1421 si
957 1385 1082 1422 etiam
1106 1382 1241 1434 aliqua
1261 1382 1387 1434 gloria

198 1466 306 1502 iusta
322 1470 365 1502 et
380 1467 526 1502 merita
541 1465 845 1514 provocabimur
861 1470 1025 1502 senatus
1042 1469 1087 1502 et
1101 1466 1244 1515 optimi
1259 1466 1387 1501 cuius-

200 1559 280 1597 que
311 1545 459 1590 officiis,
491 1547 643 1582 maiore
676 1558 768 1583 cum
805 1547 1048 1583 auctoritate
1086 1544 1195 1596 apud
1230 1549 1385 1583 ceteros
1434 1580 1435 1585 ,

201 1629 361 1671 erimus,
391 1632 434 1664 et
463 1638 511 1663 eo
538 1625 626 1676 plus
654 1625 845 1675 prodesse
873 1625 1118 1675 reipublicae
1149 1627 1385 1675 poterimus·

160 1712 182 1744 8
201 1706 344 1744 Filium
363 1712 493 1751 tuum,
513 1706 565 1744 ad
582 1705 752 1743 Brutum
770 1718 862 1742 cum
881 1708 986 1750 veni,
1004 1705 1141 1743 videre
1160 1718 1241 1743 non
1257 1707 1384 1756 potui,

199 1787 291 1826 ideo
319 1787 428 1838 quod
454 1789 536 1824 iam
563 1788 605 1823 in
633 1785 800 1824 hiberna
828 1798 919 1823 cum
949 1785 1151 1836 equitibus
1181 1790 1270 1823 erat
1295 1797 1381 1835 pro-

198 1866 328 1906 fectus
346 1879 358 1913 ;
391 1867 477 1912 sed,
497 1866 653 1904 medius
675 1865 804 1911 fidius,
826 1878 876 1903 ea
896 1877 984 1904 esse
1005 1878 1099 1904 eum
1120 1867 1320 1916 opinione,
1339 1869 1383 1904 et

202 1995 278 2035 564
