1448 2236
698 76 899 117 OIOERO

203 185 290 218 tem
311 182 665 231 integerrimorum
688 186 731 220 et
751 183 1019 221 maximorum
1039 182 1307 233 periculorum
1329 195 1393 221 ac-

203 253 360 299 cedam,
375 254 538 292 consilia
553 267 646 292 mea
661 257 800 305 aequis
814 255 1011 294 iudicibus
1028 255 1079 294 ab
1094 256 1392 294 obtrectatione

203 326 427 364 invidorum
441 325 701 365 defendenda
714 328 966 367 commendo.
1020 328 1124 366 Mihi
1138 328 1304 379 quidem
1316 330 1391 379 ipsi

204 397 358 437 fructus
380 402 618 438 meritorum
643 414 825 439 meorum
849 403 891 439 in
916 401 1160 452 reipublicae
1186 400 1391 439 incolumi-

202 477 291 510 tate
311 474 408 510 satis
429 486 599 524 magnus
621 479 683 512 est
700 479 880 525 paratus.
933 474 1013 513 Eos
1032 487 1141 520 vero,
1158 476 1241 525 qui,
1255 487 1389 512 meam

203 547 490 583 auctoritatem
518 551 561 584 et
586 546 715 585 multo
741 549 870 598 magis
896 552 1073 585 vestram
1099 546 1222 585 fidem
1246 548 1389 591 secuti,

202 630 277 655 nec
299 617 381 655 ulla
402 630 475 668 spe
498 618 629 669 decipi
652 632 727 657 nec
750 619 830 658 ullo
852 625 967 658 metu
988 622 1132 658 terreri
1153 624 1388 670 potuerunt,

201 695 248 728 ut
267 691 570 730 commendatos
589 692 700 731 vobis
719 692 918 739 habeatis,
935 692 1161 744 petendum
1179 692 1352 731 videtur.

767 884 827 922 IX

573 1003 743 1028 PLANCUS
771 1003 955 1028 CICERONI
980 1002 1014 1030 8.

471 1095 514 1129 In
532 1096 649 1130 Gallia
665 1096 900 1134 Narbonensi,
918 1108 1023 1130 A.u.c.
1041 1099 1119 1130 711.

163 1202 179 1236 l
252 1198 360 1236 Nihil
382 1212 448 1236 me
470 1199 545 1237 tibi
567 1205 724 1238 temere
748 1205 819 1238 aut
841 1205 885 1238 te
906 1202 1052 1238 ceteris
1074 1199 1127 1238 de
1146 1212 1215 1238 me
1235 1198 1386 1237 frustra

198 1274 399 1322 recepisse
429 1271 572 1310 laetor.
626 1271 749 1310 Certe
780 1272 855 1311 hoc
886 1275 1015 1310 maius
1046 1272 1172 1311 habes
1202 1274 1385 1311 testimo·
1434 1205 1448 1365 ⁴

198 1347 310 1382 nium
343 1347 487 1383 amoris
520 1347 615 1390 mei,
643 1358 724 1396 quo
751 1348 947 1384 maturius
980 1346 1056 1384 tibi
1084 1358 1206 1396 quam
1238 1346 1384 1383 ceteris
1433 1348 1439 1394 3

199 1417 363 1455 consilia
377 1431 470 1456 mea
484 1418 590 1456 volui
607 1432 694 1456 esse
708 1424 819 1457 nota.
874 1418 923 1456 In
938 1419 1023 1457 dies
1038 1431 1134 1457 vero
1148 1420 1383 1456 meritorum

198 1504 381 1529 meorum
399 1490 486 1529 fieri
504 1494 764 1537 accessiones,
781 1492 993 1542 pervidere
1010 1497 1054 1530 te
1072 1504 1190 1542 spero
1207 1503 1217 1537 3
1249 1492 1384 1541 cogni-
1433 1511 1435 1514 ·

159 1568 180 1601 2
197 1569 335 1602 turum
347 1566 476 1614 magis
489 1566 651 1614 recipio.
705 1564 825 1612 Quod
838 1564 890 1603 ad
906 1578 973 1603 me
987 1567 1152 1609 attinet,
1170 1566 1227 1601 mi
1245 1563 1383 1601 Cicero
1426 1540 1434 1615 ξ

198 1636 274 1688 (ita
296 1637 347 1675 ab
369 1638 672 1675 imminentibus
693 1637 808 1675 malis
830 1637 1056 1688 respublica
1076 1650 1143 1675 me
1165 1637 1382 1675 adiuvante
1428 1627 1430 1629 θ

197 1709 423 1761 liberetur),
453 1712 508 1748 sic
539 1709 710 1748 honores
740 1712 1002 1760 praemiaque
1032 1714 1167 1748 vestra
1197 1710 1382 1759 suspicio,
1420 1635 1432 1781 J

197 1781 442 1821 conferenda
460 1788 572 1821 certe
590 1796 681 1821 cum
699 1782 1019 1828 immortalitate,
1038 1788 1085 1821 ut
1102 1784 1188 1820 sine
1206 1781 1266 1819 his
1284 1780 1382 1819 nihil
1420 1787 1428 1827 ὶξ

197 1856 250 1894 de
289 1869 382 1894 meo
422 1856 555 1894 studio
594 1858 978 1907 perseverantiaque
1018 1858 1093 1894 sim
1132 1857 1380 1893 remissurus.
1415 1831 1427 1905 3

1157 1926 1159 1929 -
1417 1910 1425 1937 a

642 1970 658 1987 ·
684 1965 740 2008 of.
757 1966 826 2009 Ep.
843 1968 899 1999 24.
915 1968 949 1999 2.
1416 1942 1423 1998 ᾗ

204 2022 281 2056 320
