1448 2236
720 53 922 94 CICERO

770 174 871 212 VIII

491 280 537 306 M.
565 281 723 307 CAELIUS
750 282 782 308 S.
811 282 851 308 D.
878 282 923 308 M.
951 281 1136 309 CICERONI

638 364 786 403 Romae,
802 375 909 398 A.u.c.
927 367 1004 398 703.

185 454 205 487 1
275 447 363 486 Etsi
396 448 448 486 de
481 448 686 499 republica
719 462 824 500 quae
857 450 932 487 tibi
965 450 1135 488 scribam
1171 449 1317 495 habeo,
1350 454 1415 501 ta-

223 520 319 544 men
343 507 441 545 nihil
466 508 575 559 quod
606 511 735 559 magis
768 511 999 560 gavisurum
1026 515 1070 547 te
1098 515 1242 560 putem
1268 508 1414 554 habeo,

224 579 347 617 quam
375 567 464 605 hoc.
518 566 640 613 Scito,
670 567 715 606 C.
745 567 1027 619 Sempronium
1055 568 1220 614 Rufum,
1249 567 1414 614 Rufum,

223 626 305 664 mel
329 640 375 664 ac
401 626 562 665 delicias
586 633 693 673 tuas,
717 627 959 666 calumniam
983 630 1160 666 maximo
1182 627 1327 679 plausu
1350 632 1414 665 tu-

222 685 327 724 lisse.
382 686 566 734 Quaeris,
588 700 669 738 qua
688 689 731 724 in
751 701 872 726 causa
888 688 904 726 ?
948 687 1008 726 M.
1029 687 1234 733 Tuccium,
1254 700 1414 725 accusa-

223 751 356 783 torem
371 759 503 792 suum,
518 752 612 797 post
627 746 742 785 ludos
759 747 960 786 Romanos
976 760 1092 786 rcum
1106 747 1199 798 lege
1215 746 1347 785 Plotia
1361 745 1414 785 de

222 807 262 842 vi
280 804 392 850 fecit,
409 805 485 844 hoc
503 806 680 852 consilio,
699 807 809 857 quod
826 807 1005 852 videbat,
1023 809 1056 845 si
1076 806 1414 845 extraordinarius

222 878 314 903 reus
346 878 467 903 nemo
502 869 747 912 accessisset,
779 867 855 906 sibi
886 866 962 905 hoc
994 879 1099 905 anno
1131 879 1294 904 causam
1326 878 1413 904 esse

223 924 449 963 dicendam.
505 925 685 963 Dubium
699 939 818 976 porro
833 925 889 963 illi
904 939 986 964 non
1001 931 1104 971 erat,
1120 925 1219 977 quid
1231 924 1414 963 futurum

224 989 344 1022 esset.
382 984 543 1022 Nemini
560 984 636 1023 hoc
654 984 814 1023 deferre
832 985 1114 1023 munusculum
1130 984 1274 1022 maluit
1291 997 1412 1035 quam

222 1056 295 1082 suo
311 1046 546 1082 accusatori.
601 1044 748 1096 Itaque
764 1047 851 1083 sine
867 1044 947 1083 ullo
963 1045 1233 1095 subscriptore
1248 1044 1413 1082 descen-

221 1103 284 1142 dit
304 1109 347 1142 et
365 1103 557 1142 Tuccium
575 1117 691 1142 reum
710 1103 821 1143 fecit.
875 1104 934 1142 At
953 1117 1044 1155 ego,
1063 1103 1181 1142 simul
1199 1109 1325 1154 atque
1343 1116 1413 1140 au-

222 1162 316 1208 divi,
333 1164 541 1201 invocatus
558 1163 611 1201 ad
627 1163 817 1201 subsellia
831 1165 891 1201 rei
907 1176 1070 1201 occurro
1087 1175 1098 1209 ;
1129 1175 1263 1213 surgo,
1279 1174 1412 1213 neque

221 1222 390 1259 verbum
416 1221 469 1259 de
495 1234 539 1259 re
566 1221 698 1267 facio;
739 1227 873 1260 totum
900 1221 1181 1272 Sempronium
1207 1232 1336 1272 usque
1361 1233 1409 1258 eo

220 1293 386 1332 perago,
414 1286 462 1319 ut
487 1281 719 1319 Vestorium
747 1294 908 1332 quoque
935 1284 1205 1332 interponam,
1233 1285 1276 1318 et
1301 1279 1409 1318 illam

220 1339 400 1378 fabulam
430 1353 604 1386 narrem,
635 1340 978 1391 quemadmodum
1007 1340 1083 1378 tibi
1111 1352 1185 1390 pro
1215 1338 1408 1377 beneficio

271 1456 396 1489 “This
419 1456 541 1490 Letter
567 1457 597 1490 is
623 1456 750 1490 earlier
778 1457 867 1489 than
896 1456 957 1490 the
986 1455 1056 1490 last
1076 1455 1160 1498 (Ep.
1179 1455 1215 1497 7)
1237 1455 1288 1498 by
1309 1465 1408 1488 some

224 1499 502 1575 mssnffsbanker
521 1542 561 1575 of
584 1542 732 1581 Puteoli,
752 1542 866 1576 under
885 1542 1098 1584 obligations
1117 1544 1155 1575 to
1174 1540 1309 1580 Cicero,
1327 1515 1423 1574 νιὼοκ

223 1585 331 1619 refers
347 1585 440 1627 (Act.
457 1587 503 1618 vi.
520 1588 553 1618 2.
574 1586 629 1627 10)
645 1589 683 1619 to
699 1567 753 1619 his
769 1586 933 1625 εὐήθεια,
937 1583 1186 1628 ‘gaucheriess’

271 1628 516 1671 ‘September
531 1631 567 1661 5-
572 1631 624 1662 19.

268 1672 285 1692 ‘¹
307 1639 470 1714 Nothing
490 1673 520 1704 is
540 1671 672 1704 known
693 1671 734 1704 of
754 1671 906 1705 Tuccius
926 1681 966 1705 or
985 1670 1027 1704 of
1043 1671 1098 1704 his
1117 1670 1248 1713 charge
1265 1670 1407 1712 against

227 1714 355 1790 Βῃῇιιξ
361 1756 554 1791 defendant
574 1767 619 1790 on
641 1767 663 1789 a
683 1757 814 1799 charge
835 1756 876 1790 of
897 1757 951 1789 vis
971 1755 1077 1790 could
1097 1755 1202 1788 claim
1222 1755 1309 1788 such
1329 1765 1406 1797 pre-

222 1800 385 1834 cedence.
434 1799 560 1833 Rufus'
563 1811 579 1833 s
594 1800 708 1842 object
726 1801 762 1832 in
777 1799 967 1842 providing
985 1799 1072 1832 such
1087 1809 1109 1831 a
1126 1798 1320 1831 defendant
1334 1808 1406 1831 was
1431 1806 1448 1846 1-

222 1848 260 1877 to
273 1847 340 1887 put
353 1843 406 1877 off
416 1844 470 1876 his
484 1854 563 1876 own
576 1843 658 1876 trial
671 1843 724 1876 till
736 1843 797 1876 the
809 1842 992 1885 following
1006 1852 1101 1884 year,
1114 1842 1217 1875 when
1231 1841 1276 1875 he
1289 1840 1405 1883 hoped
1433 1850 1448 1885 5

223 1887 268 1920 he
289 1887 405 1937 might
424 1886 515 1920 have
533 1897 557 1920 a
577 1896 676 1920 more
693 1885 901 1919 favum-able
920 1888 1073 1928 praetor,
1093 1895 1134 1918 or
1154 1884 1244 1918 have
1263 1885 1350 1917 time
1368 1886 1448 1918 to

223 1930 318 1973 pack
334 1941 357 1962 a
368 1930 464 1972 jury.

234 1986 307 2020 128
