1430 2242
618 34 817 74 CICERO

124 151 190 175 me
236 138 380 176 iudicio
426 138 514 183 hoc,
560 152 682 190 quam
727 144 858 177 morte
902 141 1051 177 inimici
1095 138 1306 177 laetatum.

125 201 303 240 Primum
319 205 427 240 enim
441 203 586 241 iudicio
601 203 707 241 malo
723 216 846 254 quam
859 202 1007 255 gladio,
1021 203 1168 242 deinde
1183 202 1307 254 gloria

124 269 259 317 potius
291 269 408 305 amici
446 280 568 318 quam
604 267 850 306 calamitate.
904 267 954 306 In
987 270 1206 319 primisque
1241 279 1308 304 me

123 330 355 377 delectavit,
374 338 537 370 tantum
554 332 733 370 studium
750 333 947 371 bonorum
962 335 1006 370 in
1021 345 1088 371 me
1107 334 1307 371 exstitisse

123 402 264 434 contra
278 396 555 435 incredibilem
570 399 874 435 contentionem
889 397 1093 435 clarissimi
1109 401 1152 435 et
1165 401 1308 447 poten-

86 466 106 497 3
124 462 266 498 tissimi
286 464 371 500 viri.
425 461 634 500 Postremo
654 462 736 513 (vix
756 461 968 500 verisimile
985 461 1156 500 fortasse
1175 460 1308 499 videa-

123 526 220 576 tur),
249 525 414 564 oderam
442 526 570 564 multo
598 529 712 576 peius
740 526 860 572 hunc,
889 539 1011 577 quam
1038 525 1150 564 illum
1177 528 1308 576 ipsum

124 588 320 628 Clodium.
375 590 493 628 Illum
538 593 645 628 enim
688 604 978 642 oppugnaram,
1020 590 1127 629 hunc
1168 588 1308 628 defen-

123 653 275 693 deram.
330 655 385 693 Et
402 655 483 701 ille,
502 669 595 693 cum
614 658 742 694 omnis
761 655 985 706 respublica
1003 657 1046 693 in
1064 668 1156 692 meo
1174 656 1307 704 capite

125 719 340 757 discrimen
352 725 460 758 esset
471 720 673 766 habitura,
686 733 879 771 magnum
891 719 1083 771 quiddam
1095 719 1307 770 spectavit,

124 796 198 822 nec
227 797 299 822 sua
329 790 487 835 sponte,
518 785 591 824 sed
620 797 759 822 eorum
788 784 949 830 auxilio,
979 786 1048 835 qui
1077 797 1143 821 me
1173 787 1308 821 stante

125 853 233 886 stare
253 862 334 886 non
352 854 544 899 poterant
562 863 571 887 :
604 849 668 887 hic
688 848 863 887 simiolus
882 851 1005 887 animi
1030 861 1150 886 causa
1168 860 1248 892 me,
1266 848 1309 883 in

124 925 247 963 quem
283 913 554 958 inveheretur,
592 913 802 964 delegerat
838 918 1175 964 persuaseratque
1211 923 1309 949 non-

123 977 240 1015 nullis
259 978 401 1016 invidis
421 981 535 1023 meis,
554 991 598 1016 se
617 981 660 1015 in
678 991 744 1015 me
765 980 1014 1016 emissarium
1031 989 1191 1027 semper
1207 974 1306 1013 fore.

124 1041 398 1089 Quamobrem
430 1042 547 1080 valde
581 1043 700 1080 iubeo
734 1042 913 1093 gaudere
946 1047 990 1080 te
1008 1053 1018 1087 ;
1065 1053 1213 1092 magna
1244 1051 1308 1076 res

123 1112 240 1157 gesta
275 1112 350 1145 est.
405 1107 637 1157 Numquam
671 1106 740 1144 ulli
773 1106 958 1144 fortiores
991 1108 1097 1144 cives
1129 1104 1308 1148 fuerunt,

123 1183 245 1221 quam
270 1173 338 1222 qui
363 1174 449 1208 ausi
475 1177 569 1209 sunt
595 1184 689 1209 eum
713 1176 853 1209 contra
877 1175 1014 1208 tantas
1039 1183 1136 1221 opes
1162 1172 1260 1214 eius,
1283 1180 1317 1205 a·

123 1248 202 1286 quo
243 1238 317 1286 ipsi
357 1235 452 1273 lecti
493 1235 643 1274 iudices
686 1241 815 1280 erant,
856 1235 1137 1273 condemnare.
1180 1231 1310 1280 Quod

122 1299 313 1338 fecissent
332 1314 567 1351 numquam,
586 1302 662 1338 nisi
680 1302 727 1338 iis
747 1300 871 1338 dolori
891 1312 1004 1337 meus
1022 1298 1167 1336 fuisset
1185 1297 1307 1336 dolor.

84 1369 105 1400 4
125 1363 206 1402 Nos
221 1364 285 1403 hic
301 1364 561 1403 multitudine
579 1370 622 1403 et
637 1364 875 1402 celebritate
890 1364 1126 1402 iudiciorum
1141 1367 1184 1400 et
1198 1363 1308 1399 novis

125 1426 280 1479 legibus
299 1431 358 1467 ita
378 1429 630 1474 distinemur,
650 1434 698 1466 ut
718 1428 898 1480 quotidie
918 1433 1014 1466 vota
1031 1426 1238 1471 faciamus,
1256 1438 1308 1463 ne

123 1493 398 1539 intercaletur,
418 1499 464 1532 ut
483 1507 606 1544 quam
622 1496 797 1544 primum
815 1498 858 1531 te
876 1492 1013 1531 videre
1030 1494 1240 1543 possimus.

172 1623 188 1639 ⁰
212 1618 367 1658 Clodius,
387 1618 574 1651 murdered
594 1619 643 1660 by
661 1619 722 1651 the
739 1618 912 1651 followers
931 1617 971 1650 of
989 1617 1078 1650 Milo
1095 1619 1133 1649 at
1153 1615 1309 1649 Bovillae

127 1672 172 1694 on
190 1662 213 1695 J
215 1673 353 1704 anuary
368 1662 453 1695 20th
470 1663 506 1694 in
522 1662 592 1694 this
609 1672 705 1703 year.

175 1705 188 1725 ὓ
216 1705 316 1743 Milo,
332 1704 446 1738 exiled
463 1706 498 1737 in
515 1715 761 1747 consequence
777 1705 819 1736 of
830 1703 890 1736 the
907 1702 1050 1736 murder
1065 1703 1106 1735 of
1117 1701 1272 1736 Clodius.

176 1753 189 1768 ⁰
214 1748 302 1781 Pom
328 1759 347 1781 e
375 1772 384 1780 .

173 1792 188 1811 ‘¹
211 1759 326 1825 Wheg
340 1759 461 1824 gicero
474 1789 649 1824 defended
665 1790 778 1822 Bursa
791 1790 821 1822 is
834 1792 898 1822 not
910 1788 1053 1821 known.

177 1839 189 1854 ⁶
212 1834 287 1871 The
305 1845 381 1867 new
398 1833 591 1876 procedure
607 1831 815 1866 introduced
831 1832 882 1874 by
899 1831 1069 1873 Pompey.

173 1878 188 1900 s
212 1877 248 1909 If
262 1877 322 1910 the
340 1877 550 1919 intercalary
567 1876 692 1909 month
711 1886 782 1908 was
801 1874 951 1908 inserted
974 1875 1024 1917 by
1045 1874 1105 1907 the
1123 1871 1310 1906 Pontifices

129 1921 156 1952 it
171 1919 287 1953 would
301 1919 394 1962 keep
409 1920 531 1953 Cicero
546 1920 668 1962 longer
683 1920 719 1952 in
736 1918 860 1952 Rome.

137 1977 182 2009 12
