1448 2236
665 69 866 108 CICERO

172 171 259 217 Illa,
278 175 459 223 quamvis
477 172 644 211 ridicula
663 179 812 219 essent,
831 176 935 213 sicut
954 180 1084 221 erant,
1102 175 1200 215 mihi
1217 181 1356 214 tamen

169 228 293 264 risum
327 240 408 264 non
443 232 669 265 moverunt.
722 227 849 278 Cupio
886 230 994 266 enim
1028 235 1211 268 nostrum
1244 229 1356 268 illum

169 283 343 319 amicum
366 285 408 319 in
432 283 642 321 tribunatu
666 296 789 334 quam
811 283 1029 334 plurimum
1052 284 1204 323 habere
1228 288 1356 336 gravi-

169 337 265 372 tatis
284 347 293 380 ;
332 336 455 387 idque
480 350 571 374 cum
595 340 718 387 ipsius
743 351 864 376 causa
889 339 969 390 (est
993 339 1104 385 mihi,
1130 346 1178 379 ut
1201 343 1290 386 scis,
1313 342 1356 377 in

169 392 400 444 amoribus),
418 398 505 430 tum
523 394 752 433 mehercule
772 397 896 433 etiam
911 396 1168 446 reipublicae.
1222 396 1355 444 Quam

169 447 347 497 quidem,
387 452 568 499 quamvis
607 453 650 488 in
688 463 754 488 me
794 453 954 502 ingrata
993 454 1059 498 sit,
1098 465 1235 490 amare
1275 465 1354 489 non

167 504 363 545 desinam.
415 507 490 553 Tu,
526 510 581 545 mi
617 507 817 554 Volumni,
855 509 1016 559 quando
1051 512 1275 556 instituisti,
1313 516 1355 548 et

168 560 266 600 mihi
280 562 390 600 vides
406 576 493 601 esse
507 569 683 614 gratum,
697 565 825 603 scribe
839 565 892 603 ad
905 578 971 604 me
986 578 1108 617 quam
1121 568 1354 617 saepissime

167 617 220 655 de
245 618 365 656 rebus
391 619 566 665 urbanis,
593 620 644 658 de
669 620 886 672 republica.
941 621 1143 661 Iueundus
1170 628 1233 660 est
1257 622 1353 660 mihi

168 686 299 711 sermo
336 674 564 713 litterarum
602 681 777 715 tuarum.
831 676 1049 716 Praeterea
1087 677 1354 724 Dolabellam,

168 741 291 779 quem
307 742 382 781 ego
396 733 593 781 perspicio
609 737 652 769 et
666 732 797 770 iudico
812 733 1111 784 cupidissimum
1127 746 1214 772 esse
1229 739 1354 784 atque

167 787 487 824 amantissimum
513 789 607 832 mei,
635 787 844 826 cohortare
873 794 916 826 et
941 789 1132 827 confirma
1159 795 1203 827 et
1228 789 1353 827 redde

167 840 287 891 plane
306 855 456 880 meum.
510 842 599 880 Non
620 842 849 882 mehercule
878 857 957 895 quo
980 845 1198 896 quidquam
1219 844 1326 883 desit
1342 857 1354 891 ;

166 896 240 935 sed
257 899 353 948 quia
369 897 486 935 valde
504 901 634 949 cupio,
653 912 733 936 non
752 899 888 938 videor
905 902 1074 940 nimium
1090 900 1286 940 laborare.

667 1068 851 1108 XXXIII

475 1188 522 1215 Μ.
549 1189 688 1215 CICERO
714 1189 746 1216 S.
774 1189 814 1216 D.
841 1190 1045 1216 VOLUMN10

579 1271 726 1311 Romae,
742 1283 849 1305 A.u.c.
867 1275 944 1306 708.

130 1360 147 1393 1
217 1354 338 1403 Quod
367 1355 725 1395 declamationibus
755 1360 900 1395 nostris
931 1371 1056 1404 cares,
1087 1358 1223 1397 damni
1255 1356 1352 1396 nihil

165 1408 276 1449 facis.
329 1411 448 1458 Quod
472 1411 604 1449 Hirtio
627 1411 839 1457 invideres,
863 1415 937 1450 nisi
962 1426 1055 1451 eum
1077 1427 1248 1459 amares,
1271 1426 1351 1451 non

167 1472 255 1504 erat
287 1480 408 1505 eausa
440 1468 658 1514 invidendi,
691 1471 766 1506 nisi
799 1467 905 1507 forte
938 1472 1060 1519 ipsius
1096 1469 1350 1520 eloquentiae

166 1525 307 1573 magis,
326 1536 461 1573 quam,
480 1524 588 1574 quod
604 1537 670 1562 me
688 1525 860 1569 audiret,
878 1526 1090 1564 invideres.
1144 1525 1226 1563 Nos
1245 1527 1351 1563 enim

166 1577 299 1628 plane,
324 1580 379 1615 mi
404 1582 636 1618 suavissime
661 1579 861 1626 Volumni,
886 1586 958 1619 aut
983 1580 1081 1619 nihil
1105 1594 1255 1626 sumus,
1279 1586 1352 1618 aut

166 1634 280 1671 nobis
325 1634 490 1685 quidem
534 1636 629 1685 ipsis
674 1636 943 1686 displicemus,
988 1636 1217 1687 gregalibus
1263 1636 1350 1682 illis,

165 1689 310 1740 quibus
334 1694 378 1728 te
401 1689 623 1740 plaudente
648 1691 896 1741 vigebamus,
921 1693 1103 1737 amissis;
1141 1697 1188 1729 ut
1214 1694 1351 1737 etiam,

221 1822 236 1837 ‘²
258 1816 381 1850 Cicero
402 1817 475 1851 and
495 1817 548 1850 his
567 1817 703 1850 friends
726 1828 814 1850 were
837 1818 1048 1860 declaiminy
1068 1818 1208 1859 (Cicero
1230 1821 1352 1861 acting

170 1870 209 1892 as
240 1860 332 1893 their
359 1860 552 1902 mayister),
584 1860 774 1902 indulging
803 1862 839 1894 in
877 1861 1066 1894 rhetorical
1095 1862 1265 1895 exercises
1303 1873 1350 1895 on

169 1903 388 1980 Kffisslsities,
416 1903 488 1937 and
513 1903 593 1937 that
618 1905 647 1936 is
676 1904 738 1938 the
763 1905 865 1945 point
890 1904 932 1937 of
957 1904 1018 1938 the
1044 1905 1230 1946 quotation
1256 1904 1350 1938 from

172 2001 223 2042 94
