1448 2236
646 84 848 123 CICERO

153 186 219 225 De
241 187 395 238 reliquo
418 187 524 226 malo
548 191 724 239 teipsum
747 194 885 227 tecum
907 188 1031 241 loqui,
1054 202 1179 241 quam
1201 195 1338 229 nostra

152 249 260 287 dicta
280 262 534 301 cognoscere.
586 250 699 289 Vale.

717 411 773 449 IV

492 499 538 544 ir.
556 518 594 544 Τ.
612 519 647 544 c.
666 519 697 544 S.
717 519 754 544 P.
772 519 812 545 D.
831 519 866 544 c.
884 518 1012 545 CAssm

563 600 710 639 Romae,
727 612 833 634 A.u.c.
852 603 929 634 710.

112 691 129 724 1
200 684 356 723 Vellem
391 685 528 723 Idibus
559 685 718 723 Martiis
751 699 817 724 me
847 686 899 724 ad
926 699 1069 723 cenam
1098 688 1338 731 invitasses3

150 746 408 798 reliquiarum
426 747 526 785 nihil
541 746 697 786 fuisset.
752 747 868 785 Nunc
885 761 951 786 me
969 747 1162 799 reliquiae
1180 753 1339 786 vestrae

151 815 356 854 exercent,
374 814 418 847 et
434 809 598 860 quidem
613 814 777 859 praeter
793 815 949 847 ceteros
964 822 1032 847 me
1049 821 1060 854 ;
1091 822 1339 861 quamquam

151 873 333 921 egregios
373 870 555 908 consules
595 870 804 916 habemus,
845 871 918 909 sed
956 873 1206 922 turpissimos
1245 884 1338 909 con-

150 931 300 970 sulares
318 944 328 977 ;
356 938 543 970 senatum
556 931 719 977 fortem,
733 932 805 970 sed
818 932 955 970 infimo
969 945 1172 984 quemque
1186 932 1336 970 honore

149 992 423 1031 fortissimum.
478 993 630 1044 Populo
652 1007 746 1031 vero
767 993 865 1031 nihil
886 993 1042 1039 fortius,
1063 993 1162 1031 nihil
1181 994 1337 1039 melius,

153 1054 352 1106 Italiaque
373 1058 571 1093 universa.
625 1054 733 1092 Nihil
754 1061 891 1093 autem
912 1054 1068 1094 foedius
1090 1055 1273 1106 Philippo
1294 1061 1339 1093 et

150 1116 308 1162 Pisone,
340 1117 500 1168 legatis,
533 1117 631 1154 nihil
664 1116 927 1168 flagitiosius3
975 1120 1044 1168 qui
1076 1131 1168 1155 curn
1201 1123 1337 1155 essent

149 1181 271 1224 missi,
304 1184 351 1216 ut
382 1179 561 1216 Antonio
594 1192 645 1216 ex
678 1184 841 1217 senatus
874 1181 1079 1217 sententia
1110 1185 1241 1217 certas
1273 1192 1336 1217 res

149 1243 399 1286 nuntiarent,
431 1254 523 1278 cum
551 1240 617 1278 ille
656 1253 794 1278 earum
831 1254 966 1278 rerum
998 1240 1095 1278 nulli
1122 1243 1336 1291 paruisset,

148 1301 254 1340 ultro
274 1303 324 1340 ab
342 1302 409 1340 illo
428 1302 480 1340 ad
498 1315 569 1340 nos
587 1302 855 1340 intolerabilia
871 1302 1078 1352 postulata
1094 1301 1334 1340 retulerunt.

149 1363 295 1414 Itaque
311 1364 363 1401 ad
378 1377 448 1401 nos
463 1366 710 1402 concurritur
727 1376 737 1409 ;
766 1362 946 1415 factique
960 1366 1042 1401 iam
1054 1366 1098 1401 in
1111 1377 1155 1402 re
1169 1355 1335 1402 salutari

109 1430 129 1461 2
147 1425 359 1475 populares
379 1439 528 1463 sumus.
581 1425 663 1463 Sed
681 1431 728 1463 tu
748 1426 846 1476 quid
865 1438 1020 1477 ageres,
1040 1425 1138 1476 quid
1157 1431 1333 1471 acturus,

148 1487 216 1525 ubi
242 1487 417 1538 denique
444 1500 565 1532 esses,
591 1488 834 1525 nesciebam.
888 1487 1013 1525 Fama
1037 1487 1265 1532 nuntiabat,
1290 1492 1334 1525 te

149 1561 236 1587 esse
264 1550 306 1586 in
335 1548 476 1600 Syria3
521 1555 660 1586 auctor
689 1554 777 1587 erat
806 1562 938 1586 nemo.
992 1548 1058 1587 De
1085 1548 1224 1594 Bruto,
1254 1561 1334 1599 quo

146 1613 308 1661 propius
320 1616 396 1655 est,
407 1623 455 1648 eo
469 1610 642 1647 firmiora
652 1610 839 1648 videntur
852 1623 953 1656 esse,
964 1623 1069 1661 quae
1082 1612 1332 1648 nuntiantur.

149 1672 361 1710 Dolabella
399 1672 515 1710 valde
554 1673 860 1722 vituperabatur
899 1672 950 1710 ab
989 1672 1214 1710 hominibus
1254 1685 1334 1709 non

197 1792 373 1824 “Hirtius
388 1791 460 1824 and
478 1791 606 1824 Pansa.

200 1836 214 1856 ὃ
236 1835 327 1868 Who
350 1835 506 1878 brought
528 1834 623 1868 back
646 1834 831 1877 impudent
854 1834 1037 1877 proposals
1058 1834 1151 1868 from
1172 1834 1330 1877 Antony.

150 1878 216 1911 See
232 1877 503 1934 Chronologieal
519 1878 712 1934 Summary
726 1878 780 1911 for
794 1878 855 1910 the
871 1888 968 1919 year.

247 1921 328 1963 ‘By
353 1923 573 1963 supporting,
600 1920 690 1954 etc.”
738 1920 807 1953 For
832 1921 901 1953 this
926 1919 1114 1962 rendering
1139 1919 1156 1953 Ι
1181 1920 1272 1953 have
1295 1923 1333 1953 tao

149 1963 263 1997 thank
283 1963 307 1996 J
309 1975 404 1997 eans

147 2021 224 2056 528
