1448 2236
657 51 857 91 CICERO

165 157 273 208 apud
290 171 371 204 me,
388 162 435 195 ut
452 157 592 203 debet,
611 156 720 195 valet
735 157 967 208 plurimum,
983 155 1058 195 sed
1074 158 1199 195 etiam
1215 155 1351 195 volun-

165 226 253 258 tate
277 233 323 258 ac
346 220 492 258 iudicio
515 233 621 258 meo.
674 219 774 257 Volo
799 221 907 257 enim
929 224 973 258 te
996 221 1110 265 scire,
1131 220 1187 256 mi
1211 217 1351 262 Paete,

165 284 325 320 initium
355 281 453 319 mihi
483 283 716 332 suspicionis
747 286 790 319 et
819 282 1014 320 cautionis
1045 286 1090 320 et
1117 280 1352 332 diligentiae

166 343 288 382 fuisse
331 344 489 382 litteras
532 349 623 381 tuas
641 356 651 389 3
709 344 853 394 quibus
896 343 1041 382 litteris
1084 347 1352 394 congruentes

166 406 333 445 fuerunt
358 407 460 445 aliae
484 412 629 457 postea
651 406 884 444 multorum.
937 405 1042 444 Nam
1068 410 1112 444 et
1135 404 1285 456 Aquini
1310 408 1354 442 et

167 469 428 507 Fabrateriae
450 468 614 507 consilia
633 473 729 506 sunt
749 469 851 507 inita
870 468 923 506 de
943 480 1025 514 me,
1046 479 1151 518 quae
1172 472 1217 506 te
1236 465 1353 504 video

166 531 397 576 inaudisse3
439 536 495 576 et,
522 532 636 582 quasi
661 531 902 575 divinarent,
928 542 1050 581 quam
1075 529 1136 567 his
1161 527 1353 567 molestus
1425 562 1427 564 .

169 607 299 632 essem
319 592 494 639 futurus,
516 592 614 631 nihil
636 593 744 631 aliud
766 597 952 644 egerunt,
971 592 1048 630 nisi
1067 604 1134 630 me
1155 596 1203 629 ut
1223 590 1354 641 oppri-

167 661 340 695 merent.
395 655 516 703 Quod
536 668 612 708 ego
633 669 714 694 non
734 657 938 706 suspicans
958 655 1156 692 incautior
1175 651 1353 697 fuissem,
1422 679 1424 682 ψ

168 720 243 757 nisi
272 731 296 756 a
323 724 367 756 te
397 718 626 757 admonitus
656 730 799 756 essem.
852 716 1126 765 Quamobrem
1154 717 1232 754 iste
1250 718 1352 752 -tuus

169 783 319 819 amicus
339 780 447 831 apud
466 793 533 818 me
551 794 632 818 non
652 785 749 831 eget
767 779 1131 818 commendatione.
1185 776 1352 815 Utinam

165 856 218 881 ea
239 841 402 881 fortuna
423 842 668 893 reipublicae
691 844 756 887 sit,
779 847 827 879 ut
848 841 915 879 ille
937 854 1003 879 me
1025 842 1154 878 virum
1176 838 1352 890 gratissi-

127 910 148 942 2
166 918 278 942 mum
310 907 437 956 possit
469 903 737 955 cognoscere!
789 902 871 942 Sed
902 903 1003 941 haec
1035 902 1244 940 hactenus.
1293 898 1353 937 Te

167 968 220 1006 ad
247 980 367 1006 cenas
396 969 499 1005 itare
528 967 693 1011 desisse,
714 965 886 1004 moleste
913 963 1013 1003 fero.
1068 963 1224 1015 Magna
1245 962 1352 1000 enim

166 1035 210 1068 te
230 1029 503 1068 delectatione
524 1033 567 1067 et
586 1027 797 1079 voluptate
815 1029 994 1078 privasti.
1047 1025 1208 1064 Deinde
1228 1025 1352 1063 etiam

167 1105 321 1138 vereor,
339 1091 435 1130 licet
455 1092 562 1129 enim
580 1103 721 1129 verum
739 1090 887 1135 dicere,
905 1102 957 1128 ne
974 1090 1108 1127 nescio
1127 1086 1224 1138 quid
1240 1084 1351 1130 illud,

167 1154 276 1205 quod
303 1153 475 1199 solebas,
494 1153 676 1191 dediscas
697 1157 740 1191 et
759 1152 1004 1196 obliviscare,
1023 1149 1185 1189 cenulas
1203 1147 1350 1186 facere.

166 1216 272 1254 Nam
309 1218 341 1254 si
379 1221 482 1261 tum,
518 1228 610 1253 cum
647 1214 841 1260 habebas,
879 1226 978 1265 quos
1014 1214 1234 1257 imitar-ere,
1270 1222 1351 1247 non

164 1279 338 1316 multum
361 1277 612 1328 proficiebas,
635 1276 733 1327 quid
755 1289 861 1314 nunc
884 1281 928 1314 te
951 1274 1153 1317 facturum
1174 1271 1349 1324 putem?

165 1340 366 1391 Spurinna
398 1339 577 1391 quidem,
609 1352 701 1376 cum
735 1340 773 1377 ei
803 1350 891 1376 rem
923 1337 1275 1380 demonstrassem,
1307 1338 1351 1372 et

164 1405 290 1441 vitam
313 1408 427 1441 tuam
450 1403 698 1452 superiorem
721 1402 1009 1451 exposuissem,
1030 1410 1224 1450 magnum
1245 1397 1350 1447 peri-

163 1465 298 1503 culum
335 1477 516 1502 summae
551 1462 796 1513 reipublicae
832 1460 1151 1505 demonstrabat,
1187 1460 1262 1497 nisi
1297 1457 1350 1495 ad

164 1529 412 1578 superiorem
428 1525 763 1564 consuetudinem
778 1529 882 1569 tum,
897 1536 989 1561 cum
1005 1522 1202 1561 Favonius
1218 1519 1349 1565 flaret,

162 1591 409 1627 revertisses.
470 1587 558 1625 Hoc
590 1592 775 1637 tempore
807 1585 904 1624 ferri
934 1598 1067 1636 posse,
1099 1585 1132 1622 si
1163 1581 1270 1622 forte
1301 1586 1348 1620 tu

213 1730 229 1746 ⁰
250 1726 338 1759 This
362 1735 437 1758 was
463 1723 646 1767 Spurinna
674 1723 735 1756 the
764 1734 811 1756 au
865 1734 894 1761 r,
919 1721 1000 1755 who
1029 1719 1172 1754 warned
1202 1719 1346 1757 Caesar,

164 1769 302 1812 shortly
316 1768 439 1802 before
454 1767 509 1801 his
523 1767 789 1805 assassination,
805 1769 821 1799 t
847 1768 886 1798 at
900 1765 954 1798 his
971 1763 1032 1798 life
1045 1774 1119 1798 was
1134 1765 1171 1797 in
1187 1762 1336 1805 danger.

219 1812 232 1832 '²
254 1812 330 1845 The
352 1814 442 1845 west
462 1809 559 1843 wind
581 1809 699 1843 which
722 1807 892 1842 heralded
912 1809 1038 1850 spring
1067 1818 1085 1840 c
1103 1831 1112 1840 .
1131 1805 1220 1839 Hor.
1239 1805 1304 1839 Od.
1322 1807 1344 1838 i.

167 1858 201 1895 4,
219 1855 401 1889 “solvitur
416 1854 506 1887 acris
522 1853 636 1886 hiems
652 1855 758 1894 grata
778 1853 855 1885 vice
877 1852 970 1884 veris
993 1852 1030 1884 et
1081 1850 1187 1883 avoni
1197 1848 1247 1891 ”).
1295 1847 1346 1881 At

167 1901 312 1941 present
317 1898 393 1973 e<Sin
424 1895 626 1939 February)
658 1895 790 1928 Paetus
819 1894 938 1937 might
966 1903 1057 1935 urge
1085 1892 1166 1925 that
1199 1891 1244 1924 he
1272 1901 1345 1924 was

167 1944 316 1984 prevent
375 1940 470 1973 from
485 1940 599 1982 going·
612 1942 674 1972 out
689 1941 727 1972 to
742 1937 888 1971 dinners
903 1936 953 1979 by
969 1937 1030 1969 the
1044 1935 1136 1969 cold.

164 1998 244 2037 274
