1448 2236
685 58 887 98 CICERO

189 163 342 202 scilicet
372 166 550 203 ornatius
568 177 579 210 3
625 163 815 215 epistolas
846 177 942 203 vero
971 162 1216 214 quotidianis
1247 161 1379 200 verbis

150 223 172 256 2
189 225 332 258 texere
349 221 537 259 solemus.
589 220 672 259 Sed
687 226 841 266 tamen,
856 222 914 259 mi
930 219 1071 265 Paete,
1089 220 1159 270 qui
1174 219 1251 257 tibi
1266 219 1379 256 venit

189 277 231 314 in
258 283 441 315 mentem
469 290 635 329 negare,
664 276 868 328 Papirium
895 288 1143 328 quemquam
1170 286 1378 325 umquam,

189 335 263 371 nisi
279 334 485 384 plebeium
500 333 623 372 fuisse
640 335 655 372 ?
687 334 868 372 Fuerunt
884 335 991 372 enim
1005 334 1163 384 patricii
1177 333 1377 369 minorum

189 392 389 440 gentium,
417 404 587 441 quorum
614 392 800 441 princeps
829 389 876 427 L.
905 389 1086 440 Papirius
1115 387 1377 438 Mugillanus,
1435 423 1440 427 .

189 449 257 496 qui
270 460 412 485 censor
424 461 516 485 cum
531 447 577 484 L.
591 446 828 497 Sempronio
841 446 1031 484 Atratino
1044 443 1136 490 fuit,
1149 457 1241 482 cum
1255 448 1378 481 antea

188 503 326 541 consul
346 517 439 541 cum
461 503 604 542 eodem
625 502 782 548 fuisset,
804 504 918 540 annis
937 507 1031 553 post
1051 501 1222 540 Romam
1242 499 1377 539 condi-

188 564 275 596 tam
294 572 432 597 cccxu.
485 560 567 598 Sed
584 566 674 598 tum
692 559 839 610 Papisii
857 559 1110 598 dicebamini.
1156 557 1253 596 Post
1269 556 1376 594 hunc
1436 562 1445 569 '

186 627 274 654 xm.
295 614 461 655 fuerunt
485 616 583 654 sella
607 616 733 654 curuli
758 621 855 654 ante
880 615 928 654 L.
951 614 1155 666 Papirium
1177 613 1378 658 Crassum,
1446 659 1448 662 Α

189 675 257 723 qui
279 675 455 723 primum
478 673 659 724 Papisius
683 678 745 711 est
767 675 899 711 vocari
921 672 1088 711 desitus.
1141 671 1181 709 Is
1202 670 1377 709 dictator
1440 667 1448 716 ,3

187 742 279 767 cum
296 729 342 768 L.
359 730 517 781 Papirio
533 730 717 775 Cursore,
731 731 924 780 magistro
941 731 1138 780 equitum,
1151 726 1283 766 factus
1299 731 1376 772 est,

187 788 301 824 annis
324 793 418 838 post
440 786 611 825 Romam
633 786 838 824 conditam
861 798 1029 831 ccccxv„
1049 790 1092 824 et
1112 785 1375 836 quadriennio

186 847 280 893 post
296 842 434 880 consul
448 856 540 881 cum
557 842 602 880 C.
620 841 768 880 Duilio.
822 841 942 880 Hunc
957 847 1119 880 secutus
1137 847 1199 879 est
1215 840 1374 888 Cursor,
1436 859 1448 873 ι

187 898 307 937 homo
327 899 445 937 valde
465 899 683 937 honoratus
701 911 712 945 ;
746 899 894 937 deinde
915 898 963 936 L.
985 897 1122 936 Masso
1143 897 1346 936 aedilicius
1363 910 1374 944 ;
1438 920 1448 948 ⁵.

185 955 280 994 inde
307 955 424 993 multi
452 955 691 1000 Massones3
733 968 903 1006 quorum
930 955 1095 1007 quidem
1120 960 1169 993 tu
1194 956 1373 993 omnium
1435 996 1448 1001 ,

147 1017 168 1050 3
185 1014 445 1062 patriciorum
460 1014 656 1063 imagines
671 1011 822 1050 habeas
836 1011 939 1050 volo.
993 1011 1154 1050 Deinde
1169 1010 1372 1050 Carbones
1439 1036 1448 1043 -

188 1073 231 1107 et
244 1069 368 1107 Turdi
382 1071 661 1120 insequuntur.
715 1068 770 1106 Hi
782 1068 933 1119 plebeii
945 1067 1111 1107 fuerunt
1127 1081 1139 1114 ;
1167 1080 1267 1119 quos
1280 1081 1373 1107 con·
1435 1100 1448 1117 1

186 1131 346 1163 temnas
377 1138 537 1164 censeo.
591 1125 696 1163 Nam
725 1131 890 1176 praeter
918 1125 1024 1163 hunc
1056 1125 1101 1163 C.
1133 1125 1372 1172 Carbonem,
1434 1163 1437 1174 ,ῃ

186 1195 308 1233 quem
344 1182 616 1233 Damasippus
654 1182 813 1228 occidit,
846 1184 941 1220 civis
979 1195 1003 1220 e
1039 1182 1245 1233 republica
1277 1182 1372 1220 Car-

185 1240 336 1277 bonum
350 1252 470 1277 nemo
484 1238 575 1277 fuit.
616 1238 884 1289 Cognovimus
898 1238 971 1276 Cn.
987 1238 1214 1277 Carbonem
1228 1244 1271 1278 ct
1285 1241 1370 1278 eius

183 1294 352 1333 fratrem
366 1308 542 1333 scurram
559 1307 570 1341 ;
598 1295 695 1346 quid
708 1295 768 1332 his
781 1295 1000 1346 improbius
1017 1295 1033 1333 ?
1075 1295 1141 1334 De
1154 1295 1229 1334 hoc
1242 1298 1370 1335 amico

182 1364 289 1407 meo,
308 1351 485 1390 Rubriae
504 1351 598 1397 filio,
617 1351 715 1389 nihil
734 1352 835 1390 dico.
887 1351 986 1390 Tres
1004 1351 1060 1390 illi
1077 1351 1223 1391 fratres
1241 1351 1370 1399 fuere,

226 1494 246 1540 ᾗ
264 1489 291 1540 ·“
307 1489 421 1522 These
440 1500 530 1523 were
547 1489 614 1540 the·
626 1489 736 1522 heads
753 1488 796 1540 pf
811 1488 989 1522 Patrician
1006 1488 1159 1541 families
1176 1489 1371 1533 belonging

183 1532 375 1617 ssss'rgissfifl}
389 1535 436 1608 {3
452 1532 660 1608 ἓὲωὲἶῗιῗὸ
675 1532 1110 1609 ῗιῗὲὲθέὴὲἓᾶεῑῗῑξέῗὲἓ
1122 1535 1370 1610 ἓξὲωἲῗέῗέἔ

182 1619 258 1652 into
275 1619 337 1651 the
355 1618 497 1651 Roman
514 1621 617 1656 state,
635 1600 707 1651 and
725 1619 817 1651 their
832 1618 984 1652 families
1001 1619 1077 1652 into
1094 1619 1155 1652 the
1197 1586 1368 1659 gii-ieiune.

182 1661 669 1738 wegeitgieffisilggsnrgceived
684 1662 760 1694 into
774 1661 835 1694 the
849 1660 1017 1694 Senate.”
1060 1661 1151 1703 Tyrr
1199 1685 1208 1694 .

233 1752 246 1768 ⁶
268 1730 345 1780 The
363 1748 502 1789 change
521 1746 562 1780 of
574 1747 595 1761 “
606 1757 623 1779 s
635 1746 655 1760 ”
678 1747 754 1779 into
770 1747 791 1760 “
802 1758 819 1779 r
831 1746 851 1760 ’⁹
872 1747 901 1780 is
916 1746 1159 1789 traditionally
1172 1747 1367 1782 attributed

183 1793 221 1823 to
238 1790 269 1823 A
297 1792 378 1832 pius
394 1790 565 1823 Claudius
580 1789 727 1827 Caecus,
743 1789 866 1822 consul
882 1790 919 1823 in
935 1791 1001 1822 307
1018 1789 1090 1822 and
1105 1792 1172 1823 296
1190 1801 1255 1824 mc.
1433 1798 1443 1802 ··

229 1834 245 1853 ‘¹
307 1844 327 1867 e
350 1844 423 1866 was
449 1833 572 1866 consul
596 1832 664 1866 five
689 1834 792 1865 times
816 1832 889 1865 and
914 1832 1066 1865 dictator
1089 1835 1129 1866 at
1152 1832 1241 1866 least
1264 1835 1367 1868 twice
1430 1820 1448 1867 ἶ

181 1875 340 1909 between
364 1879 432 1910 333
455 1876 528 1909 and
552 1878 618 1909 309
644 1886 710 1909 ωε.
757 1875 814 1908 He
838 1885 910 1909 was
934 1875 995 1910 the
1018 1875 1115 1909 chief
1135 1875 1220 1910 hero
1244 1876 1285 1909 of
1303 1876 1366 1910 the
1432 1875 1443 1901 ὲ

182 1919 312 1952 second
329 1919 490 1953 Samnite
504 1919 601 1952 War.

184 1987 261 2028 262
