1448 2236
661 75 862 114 CICERO

162 175 305 227 plenus
333 177 448 223 offici,
475 181 565 216 tuin
593 181 803 236 utriusque
831 185 1013 218 nostrum
1042 182 1352 219 amantissimus.

164 252 269 290 Nam
290 267 382 290 eum
400 256 442 291 in
461 254 731 293 Tusculanum
750 258 907 306 vesperi
926 255 1139 301 venissem,
1157 256 1350 306 postridie

163 328 229 366 ille
257 329 310 367 ad
337 343 417 375 me,
445 330 625 368 nondum
652 333 749 369 satis
777 331 891 369 firmo
918 344 1083 382 corpore
1110 345 1202 370 eum
1230 337 1351 377 esset,

162 417 283 442 mane
311 408 436 444 venit.
492 406 626 454 Quem
654 420 746 444 eum
775 407 1043 459 obiurgarem,
1072 407 1182 459 quod
1207 421 1351 458 parum

162 480 385 519 valetudini
402 487 603 531 parceret,
622 487 711 520 tum
730 482 810 528 ille,
830 482 928 520 nihil
946 483 1021 520 sibi
1039 482 1196 534 longius
1214 482 1351 528 fuisse,

163 569 284 607 quam
306 562 352 594 ut
371 570 438 595 me
456 557 628 596 videret.
675 558 783 595 Num
803 558 1008 609 quidnam,
1028 561 1207 609 inquam,
1225 560 1318 596 novi
1335 558 1349 595 ?

163 631 325 670 Detulit
347 632 401 670 ad
422 646 489 670 me
512 632 734 684 querellam
756 639 884 679 tuam,
907 633 959 679 de
982 647 1063 685 qua
1083 636 1207 684 prius,
1229 646 1350 685 quam

122 712 143 744 2
161 708 400 758 respondeo,
433 722 564 758 pauca
595 722 858 759 praeponam.
916 709 1126 757 Quantum
1157 711 1350 747 memoria

161 789 350 834 repetere
367 787 591 835 praeterita
607 798 784 835 possum,
803 770 1005 823 nemoest
1022 785 1120 822 mihi
1137 790 1182 823 te
1199 787 1350 823 amicus

161 862 378 911 antiquior.
420 859 503 898 Sed
518 866 700 898 vetustas
718 860 844 898 habet
860 860 1013 912 aliquid
1029 873 1241 898 commune
1257 873 1351 899 cum

161 935 312 981 multis,
334 949 447 974 amor
466 949 549 974 non
570 935 709 974 habet.
758 935 893 973 Dilexi
915 941 958 974 te
980 949 1060 987 quo
1081 936 1147 974 die
1169 938 1350 987 cognovi,

161 1024 310 1062 meque
336 1025 362 1048 a
387 1017 431 1049 te
458 1012 570 1063 diligi
596 1012 780 1050 iudicavi.
832 1011 941 1049 Tuus
967 1011 1115 1050 deinde
1141 1011 1350 1057 discessus,

161 1089 275 1138 isque
294 1087 522 1134 diuturnus,
539 1088 708 1126 ambitio
726 1093 864 1125 nostra
883 1093 926 1125 et
943 1090 1052 1126 vitae
1070 1087 1349 1126 dissimilitudo

160 1176 242 1201 non
269 1169 332 1201 est
356 1176 476 1214 passa
501 1163 731 1201 voluntates
758 1169 914 1201 nostras
940 1163 1231 1201 consuetudine
1257 1176 1349 1201 con-

132 1227 135 1230 *
160 1238 365 1290 glutinari.
423 1239 556 1276 Tuum
589 1245 730 1277 tamen
764 1252 861 1290 erga
892 1252 960 1277 me
992 1241 1172 1276 animum
1204 1241 1349 1290 agnovi

159 1315 296 1352 multis
318 1317 432 1352 annis
454 1321 551 1352 ante
573 1314 724 1352 bellum
745 1315 874 1360 civile,
895 1328 987 1352 cum
1009 1314 1157 1352 Caesar
1179 1319 1287 1352 esset
1307 1317 1349 1352 in

161 1390 305 1429 Gallia.
372 1390 492 1438 Quod
533 1393 641 1428 enim
680 1390 945 1428 vehementer
984 1390 1080 1427 mihi
1121 1389 1220 1428 utile
1261 1402 1348 1427 esse

158 1466 332 1516 putabas
352 1478 427 1503 nec
445 1465 588 1503 inutile
606 1468 682 1516 ipsi
702 1465 878 1511 Caesari,
895 1464 1114 1516 perfecisti,
1133 1470 1180 1503 ut
1197 1464 1264 1502 ille
1281 1478 1348 1503 me

148 1541 360 1605 '‘dilig-eret,
382 1541 547 1586 coleret,
569 1540 740 1578 haberet
760 1543 802 1578 in
823 1543 916 1579 suis.
966 1540 1101 1578 Multa
1120 1546 1349 1591 praetereo,

160 1629 265 1668 quae
291 1617 540 1666 temporibus
566 1616 640 1653 illis
666 1619 773 1654 inter
798 1629 870 1654 nos
894 1615 1201 1654 familiarissime
1226 1615 1348 1661 dicta,

159 1695 321 1743 scripta,
342 1695 638 1730 communicata
658 1694 739 1729 sint
755 1703 766 1736 ;
800 1694 985 1742 graviora
1005 1694 1113 1729 enim
1133 1697 1348 1729 consecuta

118 1773 139 1806 3
159 1774 267 1806 sunt.
306 1768 362 1806 Et
374 1770 489 1806 initio
502 1768 597 1806 belli
611 1767 733 1805 civilis
746 1780 839 1805 cum
851 1767 1107 1805 Brundisium
1120 1780 1257 1805 versus
1269 1769 1349 1805 ires

208 1923 223 1938 ⁰
249 1918 374 1951 Where
411 1917 545 1951 Matius
578 1917 699 1951 served
734 1917 805 1950 and
839 1917 984 1950 became
1017 1916 1228 1959 acquainted
1262 1916 1345 1950 with
1399 1948 1407 1958 ‚

161 1960 358 1994 Trebatius.

161 2012 238 2057 496

1426 2180 1448 2236 μιν·
1427 2151 1437 2175 γ’·
1427 2063 1448 2143 τξῖὴτιν
