<?xml version="1.0" encoding="UTF-8"?>
<!DOCTYPE html PUBLIC "-//W3C//DTD XHTML 1.0 Transitional//EN"
    "http://www.w3.org/TR/xhtml1/DTD/xhtml1-transitional.dtd">
<html xmlns="http://www.w3.org/1999/xhtml" xml:lang="en" lang="en">
 <head>
  <title>
</title>
<meta http-equiv="Content-Type" content="text/html;charset=utf-8" />
  <meta name='ocr-system' content='tesseract 3.04.00' />
  <meta name='ocr-capabilities' content='ocr_page ocr_carea ocr_par ocr_line ocrx_word'/>
</head>
<body>
  <div class='ocr_page' id='page_1' title='image "./letterstohisfrie02ciceuoft_0032.png"; bbox 0 0 1430 2242; ppageno 0'>
   <div class='ocr_carea' id='block_1_1' title="bbox 149 471 1280 581">
    <p class='ocr_par' dir='ltr' id='par_1_1' title="bbox 149 471 1280 581">
     <span class='ocr_line' id='line_1_1' title="bbox 149 471 1280 515; baseline 0 -2"><span class='ocrx_word' id='word_1_1' title='bbox 149 471 217 514; x_wconf 83' lang='lat' dir='ltr'><strong>M.</strong></span> <span class='ocrx_word' id='word_1_2' title='bbox 257 472 441 514; x_wconf 90' lang='lat' dir='ltr'>TULLI</span> <span class='ocrx_word' id='word_1_3' title='bbox 482 473 798 515; x_wconf 87' lang='lat' dir='ltr'>CICERONIS</span> <span class='ocrx_word' id='word_1_4' title='bbox 838 472 1280 515; x_wconf 87' lang='lat' dir='ltr'>EPISTULARUM</span> 
     </span>
     <span class='ocr_line' id='line_1_2' title="bbox 460 539 961 581; baseline 0 -1"><span class='ocrx_word' id='word_1_5' title='bbox 460 540 545 580; x_wconf 93' lang='lat' dir='ltr'><strong>AD</strong></span> <span class='ocrx_word' id='word_1_6' title='bbox 587 539 961 581; x_wconf 87' lang='lat' dir='ltr'><strong>FAMILIARES</strong></span> 
     </span>
    </p>
   </div>
   <div class='ocr_carea' id='block_1_2' title="bbox 430 647 997 888">
    <p class='ocr_par' dir='ltr' id='par_1_2' title="bbox 430 647 997 888">
     <span class='ocr_line' id='line_1_3' title="bbox 484 647 947 685; baseline 0.002 -1"><span class='ocrx_word' id='word_1_7' title='bbox 484 647 647 685; x_wconf 86' lang='lat' dir='ltr'>LIBER</span> <span class='ocrx_word' id='word_1_8' title='bbox 674 647 947 685; x_wconf 87' lang='lat' dir='ltr'>SEPTIMUS</span> 
     </span>
     <span class='ocr_line' id='line_1_4' title="bbox 695 748 725 794; baseline 0 0"><span class='ocrx_word' id='word_1_9' title='bbox 695 748 725 794; x_wconf 49' lang='grc' dir='ltr'><strong>’Ῑ</strong></span> 
     </span>
     <span class='ocr_line' id='line_1_5' title="bbox 430 861 997 888; baseline -0.002 0"><span class='ocrx_word' id='word_1_10' title='bbox 430 861 477 888; x_wconf 82' lang='grc' dir='ltr'><strong>Μ.</strong></span> <span class='ocrx_word' id='word_1_11' title='bbox 504 862 642 887; x_wconf 73' lang='lat' dir='ltr'><strong>emmo</strong></span> <span class='ocrx_word' id='word_1_12' title='bbox 669 862 701 888; x_wconf 88' lang='lat' dir='ltr'><strong>s.</strong></span> <span class='ocrx_word' id='word_1_13' title='bbox 730 862 768 888; x_wconf 90' lang='lat' dir='ltr'><strong>D.</strong></span> <span class='ocrx_word' id='word_1_14' title='bbox 796 861 842 888; x_wconf 77' lang='grc' dir='ltr'><strong>Μ.</strong></span> <span class='ocrx_word' id='word_1_15' title='bbox 869 861 997 888; x_wconf 74' lang='lat' dir='ltr'><strong>mmo</strong></span> 
     </span>
    </p>
   </div>
   <div class='ocr_carea' id='block_1_3' title="bbox 531 942 897 983">
    <p class='ocr_par' dir='ltr' id='par_1_3' title="bbox 531 942 897 983">
     <span class='ocr_line' id='line_1_6' title="bbox 531 942 897 983; baseline 0 -6"><span class='ocrx_word' id='word_1_16' title='bbox 531 942 678 983; x_wconf 82' lang='lat' dir='ltr'><strong>Romae,</strong></span> <span class='ocrx_word' id='word_1_17' title='bbox 695 955 801 977; x_wconf 76' lang='lat' dir='ltr'><strong>A.u.c.</strong></span> <span class='ocrx_word' id='word_1_18' title='bbox 819 946 897 977; x_wconf 88' lang='lat'><strong>699.</strong></span> 
     </span>
    </p>
   </div>
   <div class='ocr_carea' id='block_1_4' title="bbox 82 1027 1305 1700">
    <p class='ocr_par' dir='ltr' id='par_1_4' title="bbox 82 1027 1305 1700">
     <span class='ocr_line' id='line_1_7' title="bbox 82 1027 1304 1080; baseline -0.002 -15"><span class='ocrx_word' id='word_1_19' title='bbox 82 1031 98 1064; x_wconf 94' lang='grc'>1</span> <span class='ocrx_word' id='word_1_20' title='bbox 169 1027 210 1066; x_wconf 87' lang='lat' dir='ltr'><strong>S1</strong></span> <span class='ocrx_word' id='word_1_21' title='bbox 227 1034 270 1066; x_wconf 89' lang='lat' dir='ltr'><strong>et</strong></span> <span class='ocrx_word' id='word_1_22' title='bbox 284 1028 395 1066; x_wconf 92' lang='lat' dir='ltr'><strong>dolor</strong></span> <span class='ocrx_word' id='word_1_23' title='bbox 410 1028 552 1080; x_wconf 87' lang='lat' dir='ltr'><strong>aliquis</strong></span> <span class='ocrx_word' id='word_1_24' title='bbox 567 1031 739 1080; x_wconf 78' lang='lat' dir='ltr'><strong>corporis</strong></span> <span class='ocrx_word' id='word_1_25' title='bbox 755 1034 828 1067; x_wconf 79' lang='lat' dir='ltr'><strong>aut</strong></span> <span class='ocrx_word' id='word_1_26' title='bbox 841 1029 1051 1067; x_wconf 83' lang='lat' dir='ltr'><strong>infirmitas</strong></span> <span class='ocrx_word' id='word_1_27' title='bbox 1065 1027 1304 1067; x_wconf 85' lang='lat' dir='ltr'><strong>valetudinis</strong></span> 
     </span>
     <span class='ocr_line' id='line_1_8' title="bbox 118 1090 1303 1142; baseline -0.002 -15"><span class='ocrx_word' id='word_1_28' title='bbox 118 1094 215 1127; x_wconf 84' lang='lat' dir='ltr'><strong>tuae</strong></span> <span class='ocrx_word' id='word_1_29' title='bbox 245 1093 389 1136; x_wconf 79' lang='lat' dir='ltr'><strong>tenuit,</strong></span> <span class='ocrx_word' id='word_1_30' title='bbox 423 1104 503 1142; x_wconf 90' lang='lat' dir='ltr'><strong>quo</strong></span> <span class='ocrx_word' id='word_1_31' title='bbox 533 1093 664 1129; x_wconf 87' lang='lat' dir='ltr'><strong>minus</strong></span> <span class='ocrx_word' id='word_1_32' title='bbox 694 1091 747 1129; x_wconf 86' lang='lat' dir='ltr'><strong>ad</strong></span> <span class='ocrx_word' id='word_1_33' title='bbox 775 1090 889 1129; x_wconf 92' lang='lat' dir='ltr'><strong>ludos</strong></span> <span class='ocrx_word' id='word_1_34' title='bbox 919 1093 1089 1136; x_wconf 88' lang='lat' dir='ltr'><strong>venires,</strong></span> <span class='ocrx_word' id='word_1_35' title='bbox 1117 1090 1303 1128; x_wconf 79' lang='lat' dir='ltr'><strong>fortunae</strong></span> 
     </span>
     <span class='ocr_line' id='line_1_9' title="bbox 118 1152 1304 1204; baseline -0.002 -15"><span class='ocrx_word' id='word_1_36' title='bbox 118 1155 245 1203; x_wconf 82' lang='lat' dir='ltr'><strong>magis</strong></span> <span class='ocrx_word' id='word_1_37' title='bbox 267 1154 414 1198; x_wconf 75' lang='lat' dir='ltr'><strong>tribuo,</strong></span> <span class='ocrx_word' id='word_1_38' title='bbox 437 1153 559 1204; x_wconf 83' lang='lat' dir='ltr'><strong>quam</strong></span> <span class='ocrx_word' id='word_1_39' title='bbox 579 1155 803 1203; x_wconf 80' lang='lat' dir='ltr'>sapientiae</span> <span class='ocrx_word' id='word_1_40' title='bbox 824 1159 921 1191; x_wconf 82' lang='lat' dir='ltr'><strong>tuae</strong></span> <span class='ocrx_word' id='word_1_41' title='bbox 939 1165 949 1198; x_wconf 88' lang='lat'>;</span> <span class='ocrx_word' id='word_1_42' title='bbox 984 1155 1045 1190; x_wconf 88' lang='lat' dir='ltr'><strong>sin</strong></span> <span class='ocrx_word' id='word_1_43' title='bbox 1064 1152 1178 1197; x_wconf 83' lang='lat' dir='ltr'><strong>haec,</strong></span> <span class='ocrx_word' id='word_1_44' title='bbox 1199 1163 1304 1202; x_wconf 86' lang='lat' dir='ltr'><strong>quae</strong></span> 
     </span>
     <span class='ocr_line' id='line_1_10' title="bbox 118 1215 1305 1264; baseline -0.003 -12"><span class='ocrx_word' id='word_1_45' title='bbox 118 1217 242 1252; x_wconf 85' lang='lat' dir='ltr'><strong>ceteri</strong></span> <span class='ocrx_word' id='word_1_46' title='bbox 272 1218 480 1260; x_wconf 75' lang='lat' dir='ltr'><strong>mirantur,</strong></span> <span class='ocrx_word' id='word_1_47' title='bbox 509 1215 807 1253; x_wconf 80' lang='lat' dir='ltr'><strong>contemnenda</strong></span> <span class='ocrx_word' id='word_1_48' title='bbox 834 1215 999 1260; x_wconf 81' lang='lat' dir='ltr'><strong>duxisti,</strong></span> <span class='ocrx_word' id='word_1_49' title='bbox 1029 1220 1085 1260; x_wconf 78' lang='lat' dir='ltr'><strong>et,</strong></span> <span class='ocrx_word' id='word_1_50' title='bbox 1113 1227 1205 1252; x_wconf 89' lang='lat' dir='ltr'><strong>cum</strong></span> <span class='ocrx_word' id='word_1_51' title='bbox 1231 1225 1305 1264; x_wconf 87' lang='lat' dir='ltr'><strong>per</strong></span> 
     </span>
     <span class='ocr_line' id='line_1_11' title="bbox 118 1276 1303 1328; baseline -0.003 -14"><span class='ocrx_word' id='word_1_52' title='bbox 118 1276 392 1315; x_wconf 83' lang='lat' dir='ltr'><strong>valetudinem</strong></span> <span class='ocrx_word' id='word_1_53' title='bbox 411 1290 561 1328; x_wconf 88' lang='lat' dir='ltr'><strong>posses,</strong></span> <span class='ocrx_word' id='word_1_54' title='bbox 580 1279 716 1315; x_wconf 89' lang='lat' dir='ltr'><strong>venire</strong></span> <span class='ocrx_word' id='word_1_55' title='bbox 735 1282 875 1315; x_wconf 82' lang='lat' dir='ltr'><strong>tamen</strong></span> <span class='ocrx_word' id='word_1_56' title='bbox 892 1276 1068 1322; x_wconf 79' lang='lat' dir='ltr'><strong>noluisti,</strong></span> <span class='ocrx_word' id='word_1_57' title='bbox 1086 1281 1303 1325; x_wconf 80' lang='lat' dir='ltr'><strong>utrumque</strong></span> 
     </span>
     <span class='ocr_line' id='line_1_12' title="bbox 117 1338 1303 1390; baseline -0.003 -14"><span class='ocrx_word' id='word_1_58' title='bbox 117 1338 260 1386; x_wconf 85' lang='lat' dir='ltr'><strong>laetor,</strong></span> <span class='ocrx_word' id='word_1_59' title='bbox 292 1345 335 1378; x_wconf 84' lang='lat' dir='ltr'><strong>et</strong></span> <span class='ocrx_word' id='word_1_60' title='bbox 366 1342 452 1378; x_wconf 88' lang='lat' dir='ltr'><strong>sine</strong></span> <span class='ocrx_word' id='word_1_61' title='bbox 482 1339 619 1378; x_wconf 86' lang='lat' dir='ltr'><strong>dolore</strong></span> <span class='ocrx_word' id='word_1_62' title='bbox 651 1342 823 1390; x_wconf 85' lang='lat' dir='ltr'><strong>corporis</strong></span> <span class='ocrx_word' id='word_1_63' title='bbox 854 1344 898 1376; x_wconf 83' lang='lat' dir='ltr'><strong>te</strong></span> <span class='ocrx_word' id='word_1_64' title='bbox 928 1338 1065 1383; x_wconf 86' lang='lat' dir='ltr'><strong>fuisse,</strong></span> <span class='ocrx_word' id='word_1_65' title='bbox 1097 1342 1140 1375; x_wconf 83' lang='lat' dir='ltr'><strong>et</strong></span> <span class='ocrx_word' id='word_1_66' title='bbox 1170 1338 1303 1374; x_wconf 80' lang='lat' dir='ltr'><strong>animo</strong></span> 
     </span>
     <span class='ocr_line' id='line_1_13' title="bbox 117 1397 1303 1452; baseline -0.003 -14"><span class='ocrx_word' id='word_1_67' title='bbox 117 1401 301 1448; x_wconf 84' lang='lat' dir='ltr'><strong>valuisse,</strong></span> <span class='ocrx_word' id='word_1_68' title='bbox 339 1415 431 1440; x_wconf 90' lang='lat' dir='ltr'><strong>cum</strong></span> <span class='ocrx_word' id='word_1_69' title='bbox 469 1414 531 1447; x_wconf 84' lang='lat' dir='ltr'><strong>ea,</strong></span> <span class='ocrx_word' id='word_1_70' title='bbox 569 1414 674 1452; x_wconf 86' lang='lat' dir='ltr'><strong>quae</strong></span> <span class='ocrx_word' id='word_1_71' title='bbox 712 1403 798 1439; x_wconf 89' lang='lat' dir='ltr'><strong>sine</strong></span> <span class='ocrx_word' id='word_1_72' title='bbox 835 1413 956 1439; x_wconf 85' lang='lat' dir='ltr'><strong>causa</strong></span> <span class='ocrx_word' id='word_1_73' title='bbox 991 1401 1188 1438; x_wconf 73' lang='lat' dir='ltr'><strong>mirantur</strong></span> <span class='ocrx_word' id='word_1_74' title='bbox 1223 1397 1303 1442; x_wconf 82' lang='lat' dir='ltr'><strong>alii,</strong></span> 
     </span>
     <span class='ocr_line' id='line_1_14' title="bbox 117 1461 1303 1515; baseline -0.003 -14"><span class='ocrx_word' id='word_1_75' title='bbox 117 1463 344 1515; x_wconf 86' lang='lat' dir='ltr'><strong>neglexeris</strong></span> <span class='ocrx_word' id='word_1_76' title='bbox 362 1477 372 1509; x_wconf 89' lang='lat'>;</span> <span class='ocrx_word' id='word_1_77' title='bbox 406 1463 539 1509; x_wconf 90' lang='lat' dir='ltr'><strong>modo,</strong></span> <span class='ocrx_word' id='word_1_78' title='bbox 560 1469 606 1501; x_wconf 84' lang='lat' dir='ltr'><strong>ut</strong></span> <span class='ocrx_word' id='word_1_79' title='bbox 626 1463 699 1501; x_wconf 86' lang='lat' dir='ltr'><strong>tibi</strong></span> <span class='ocrx_word' id='word_1_80' title='bbox 720 1465 946 1501; x_wconf 79' lang='lat' dir='ltr'><strong>constiterit</strong></span> <span class='ocrx_word' id='word_1_81' title='bbox 965 1461 1119 1500; x_wconf 80' lang='lat' dir='ltr'><strong>fructus</strong></span> <span class='ocrx_word' id='word_1_82' title='bbox 1138 1463 1196 1504; x_wconf 72' lang='lat' dir='ltr'><strong>oti</strong></span> <span class='ocrx_word' id='word_1_83' title='bbox 1214 1462 1276 1498; x_wconf 83' lang='lat' dir='ltr'><strong>tui</strong></span> <span class='ocrx_word' id='word_1_84' title='bbox 1292 1471 1303 1504; x_wconf 90' lang='lat'>;</span> 
     </span>
     <span class='ocr_line' id='line_1_15' title="bbox 117 1524 1303 1577; baseline -0.003 -14"><span class='ocrx_word' id='word_1_85' title='bbox 117 1539 197 1576; x_wconf 93' lang='lat' dir='ltr'><strong>quo</strong></span> <span class='ocrx_word' id='word_1_86' title='bbox 220 1526 386 1577; x_wconf 90' lang='lat' dir='ltr'><strong>quidem</strong></span> <span class='ocrx_word' id='word_1_87' title='bbox 408 1526 481 1563; x_wconf 81' lang='lat' dir='ltr'><strong>tibi</strong></span> <span class='ocrx_word' id='word_1_88' title='bbox 506 1524 655 1576; x_wconf 87' lang='lat' dir='ltr'><strong>perfrui</strong></span> <span class='ocrx_word' id='word_1_89' title='bbox 680 1524 845 1563; x_wconf 88' lang='lat' dir='ltr'><strong>mirifice</strong></span> <span class='ocrx_word' id='word_1_90' title='bbox 868 1524 993 1570; x_wconf 80' lang='lat' dir='ltr'><strong>licuit,</strong></span> <span class='ocrx_word' id='word_1_91' title='bbox 1017 1537 1109 1562; x_wconf 89' lang='lat' dir='ltr'><strong>cum</strong></span> <span class='ocrx_word' id='word_1_92' title='bbox 1133 1535 1239 1561; x_wconf 90' lang='lat' dir='ltr'><strong>esses</strong></span> <span class='ocrx_word' id='word_1_93' title='bbox 1261 1524 1303 1558; x_wconf 89' lang='lat' dir='ltr'><strong>in</strong></span> 
     </span>
     <span class='ocr_line' id='line_1_16' title="bbox 115 1585 1303 1638; baseline -0.003 -13"><span class='ocrx_word' id='word_1_94' title='bbox 115 1590 194 1626; x_wconf 85' lang='lat' dir='ltr'><strong>ista</strong></span> <span class='ocrx_word' id='word_1_95' title='bbox 215 1590 464 1625; x_wconf 80' lang='lat' dir='ltr'><strong>amoenitate</strong></span> <span class='ocrx_word' id='word_1_96' title='bbox 485 1600 617 1638; x_wconf 89' lang='lat' dir='ltr'><strong>paene</strong></span> <span class='ocrx_word' id='word_1_97' title='bbox 640 1586 745 1625; x_wconf 79' lang='lat' dir='ltr'><strong>solus</strong></span> <span class='ocrx_word' id='word_1_98' title='bbox 767 1586 943 1624; x_wconf 82' lang='lat' dir='ltr'><strong>relictus.</strong></span> <span class='ocrx_word' id='word_1_99' title='bbox 997 1585 1141 1636; x_wconf 88' lang='lat' dir='ltr'><strong>Neque</strong></span> <span class='ocrx_word' id='word_1_100' title='bbox 1163 1589 1303 1622; x_wconf 79' lang='lat' dir='ltr'><strong>tamen</strong></span> 
     </span>
     <span class='ocr_line' id='line_1_17' title="bbox 115 1645 1302 1700; baseline -0.005 -12"><span class='ocrx_word' id='word_1_101' title='bbox 115 1649 271 1695; x_wconf 85' lang='lat' dir='ltr'><strong>dubito,</strong></span> <span class='ocrx_word' id='word_1_102' title='bbox 305 1651 402 1700; x_wconf 91' lang='lat' dir='ltr'><strong>quin</strong></span> <span class='ocrx_word' id='word_1_103' title='bbox 435 1654 481 1687; x_wconf 83' lang='lat' dir='ltr'><strong>tu</strong></span> <span class='ocrx_word' id='word_1_104' title='bbox 515 1649 566 1687; x_wconf 75' lang='lat' dir='ltr'><strong>ex</strong></span> <span class='ocrx_word' id='word_1_105' title='bbox 598 1648 665 1686; x_wconf 92' lang='lat' dir='ltr'><strong>illo</strong></span> <span class='ocrx_word' id='word_1_106' title='bbox 697 1648 879 1686; x_wconf 85' lang='lat' dir='ltr'><strong>cubiculo</strong></span> <span class='ocrx_word' id='word_1_107' title='bbox 912 1653 997 1693; x_wconf 81' lang='lat' dir='ltr'><strong>tuo,</strong></span> <span class='ocrx_word' id='word_1_108' title='bbox 1031 1659 1083 1685; x_wconf 86' lang='lat' dir='ltr'><strong>ex</strong></span> <span class='ocrx_word' id='word_1_109' title='bbox 1115 1659 1195 1697; x_wconf 92' lang='lat' dir='ltr'><strong>quo</strong></span> <span class='ocrx_word' id='word_1_110' title='bbox 1228 1645 1302 1683; x_wconf 76' lang='lat' dir='ltr'><strong>tibi</strong></span> 
     </span>
    </p>
   </div>
   <div class='ocr_carea' id='block_1_5' title="bbox 86 1771 1303 1940">
    <p class='ocr_par' dir='ltr' id='par_1_5' title="bbox 120 1771 1303 1905">
     <span class='ocr_line' id='line_1_18' title="bbox 167 1771 1303 1819; baseline -0.005 -9"><span class='ocrx_word' id='word_1_111' title='bbox 167 1782 183 1798; x_wconf 79' lang='lat'><em>⁰</em></span> <span class='ocrx_word' id='word_1_112' title='bbox 206 1777 239 1810; x_wconf 92' lang='lat' dir='ltr'><strong>A</strong></span> <span class='ocrx_word' id='word_1_113' title='bbox 255 1777 329 1810; x_wconf 87' lang='lat' dir='ltr'><strong>rich</strong></span> <span class='ocrx_word' id='word_1_114' title='bbox 345 1776 529 1819; x_wconf 81' lang='lat' dir='ltr'><strong>Arpinate,</strong></span> <span class='ocrx_word' id='word_1_115' title='bbox 544 1775 616 1808; x_wconf 86' lang='lat' dir='ltr'><strong>and</strong></span> <span class='ocrx_word' id='word_1_116' title='bbox 631 1786 678 1807; x_wconf 84' lang='lat' dir='ltr'><strong>an</strong></span> <span class='ocrx_word' id='word_1_117' title='bbox 694 1775 868 1808; x_wconf 85' lang='lat' dir='ltr'><strong>esteemed</strong></span> <span class='ocrx_word' id='word_1_118' title='bbox 883 1773 997 1808; x_wconf 83' lang='lat' dir='ltr'><strong>friend</strong></span> <span class='ocrx_word' id='word_1_119' title='bbox 1014 1773 1054 1807; x_wconf 86' lang='lat' dir='ltr'><strong>of</strong></span> <span class='ocrx_word' id='word_1_120' title='bbox 1065 1773 1198 1806; x_wconf 87' lang='lat' dir='ltr'><strong>Cicero.</strong></span> <span class='ocrx_word' id='word_1_121' title='bbox 1246 1771 1303 1804; x_wconf 85' lang='lat' dir='ltr'><strong>He</strong></span> 
     </span>
     <span class='ocr_line' id='line_1_19' title="bbox 121 1814 1301 1857; baseline -0.005 -4"><span class='ocrx_word' id='word_1_122' title='bbox 121 1831 192 1853; x_wconf 85' lang='lat' dir='ltr'><strong>was</strong></span> <span class='ocrx_word' id='word_1_123' title='bbox 222 1831 244 1853; x_wconf 84' lang='lat' dir='ltr'><strong>a</strong></span> <span class='ocrx_word' id='word_1_124' title='bbox 275 1831 359 1852; x_wconf 89' lang='lat' dir='ltr'><strong>man</strong></span> <span class='ocrx_word' id='word_1_125' title='bbox 386 1819 426 1853; x_wconf 84' lang='lat' dir='ltr'><strong>of</strong></span> <span class='ocrx_word' id='word_1_126' title='bbox 453 1819 581 1857; x_wconf 83' lang='lat' dir='ltr'><strong>letters,</strong></span> <span class='ocrx_word' id='word_1_127' title='bbox 610 1818 675 1851; x_wconf 87' lang='lat' dir='ltr'><strong>but</strong></span> <span class='ocrx_word' id='word_1_128' title='bbox 707 1817 859 1851; x_wconf 87' lang='lat' dir='ltr'><strong>suffered</strong></span> <span class='ocrx_word' id='word_1_129' title='bbox 890 1817 983 1850; x_wconf 85' lang='lat' dir='ltr'><strong>from</strong></span> <span class='ocrx_word' id='word_1_130' title='bbox 1013 1817 1050 1850; x_wconf 88' lang='lat' dir='ltr'><strong>ill</strong></span> <span class='ocrx_word' id='word_1_131' title='bbox 1073 1816 1203 1853; x_wconf 82' lang='lat' dir='ltr'><strong>health,</strong></span> <span class='ocrx_word' id='word_1_132' title='bbox 1229 1814 1301 1847; x_wconf 83' lang='lat' dir='ltr'><strong>and</strong></span> 
     </span>
     <span class='ocr_line' id='line_1_20' title="bbox 120 1858 1300 1905; baseline -0.005 -9"><span class='ocrx_word' id='word_1_133' title='bbox 120 1863 300 1905; x_wconf 82' lang='lat' dir='ltr'><strong>generally</strong></span> <span class='ocrx_word' id='word_1_134' title='bbox 315 1862 411 1896; x_wconf 85' lang='lat' dir='ltr'><strong>lived</strong></span> <span class='ocrx_word' id='word_1_135' title='bbox 434 1873 480 1895; x_wconf 90' lang='lat' dir='ltr'><strong>on</strong></span> <span class='ocrx_word' id='word_1_136' title='bbox 499 1862 553 1894; x_wconf 87' lang='lat' dir='ltr'><strong>his</strong></span> <span class='ocrx_word' id='word_1_137' title='bbox 572 1864 681 1894; x_wconf 81' lang='lat' dir='ltr'><strong>estate</strong></span> <span class='ocrx_word' id='word_1_138' title='bbox 700 1872 784 1894; x_wconf 86' lang='lat' dir='ltr'><strong>near</strong></span> <span class='ocrx_word' id='word_1_139' title='bbox 803 1860 955 1894; x_wconf 85' lang='lat' dir='ltr'><strong>Cicero’s</strong></span> <span class='ocrx_word' id='word_1_140' title='bbox 973 1859 1055 1893; x_wconf 81' lang='lat' dir='ltr'><strong>villa</strong></span> <span class='ocrx_word' id='word_1_141' title='bbox 1073 1862 1111 1892; x_wconf 78' lang='lat' dir='ltr'><strong>at</strong></span> <span class='ocrx_word' id='word_1_142' title='bbox 1130 1858 1300 1900; x_wconf 89' lang='lat' dir='ltr'><strong>Pompeii.</strong></span> 
     </span>
    </p>

    <p class='ocr_par' dir='ltr' id='par_1_6' title="bbox 86 1901 1302 1940">
     <span class='ocr_line' id='line_1_21' title="bbox 86 1901 1302 1940; baseline -0.006 0"><span class='ocrx_word' id='word_1_143' title='bbox 86 1936 90 1940; x_wconf 79' lang='grc'>,</span> <span class='ocrx_word' id='word_1_144' title='bbox 125 1906 192 1939; x_wconf 84' lang='lat' dir='ltr'><strong>His</strong></span> <span class='ocrx_word' id='word_1_145' title='bbox 208 1917 287 1939; x_wconf 90' lang='lat' dir='ltr'><strong>own</strong></span> <span class='ocrx_word' id='word_1_146' title='bbox 306 1906 391 1939; x_wconf 86' lang='lat' dir='ltr'><strong>villa</strong></span> <span class='ocrx_word' id='word_1_147' title='bbox 410 1905 515 1939; x_wconf 84' lang='lat' dir='ltr'><strong>faced</strong></span> <span class='ocrx_word' id='word_1_148' title='bbox 536 1904 684 1939; x_wconf 86' lang='lat' dir='ltr'><strong>Stabiae</strong></span> <span class='ocrx_word' id='word_1_149' title='bbox 703 1904 775 1937; x_wconf 82' lang='lat' dir='ltr'><strong>and</strong></span> <span class='ocrx_word' id='word_1_150' title='bbox 798 1904 860 1936; x_wconf 85' lang='lat' dir='ltr'><strong>the</strong></span> <span class='ocrx_word' id='word_1_151' title='bbox 882 1906 993 1937; x_wconf 86' lang='lat' dir='ltr'><strong>coast.</strong></span> <span class='ocrx_word' id='word_1_152' title='bbox 1043 1902 1086 1935; x_wconf 91' lang='lat' dir='ltr'><strong>In</strong></span> <span class='ocrx_word' id='word_1_153' title='bbox 1105 1913 1127 1935; x_wconf 81' lang='lat' dir='ltr'><strong>a</strong></span> <span class='ocrx_word' id='word_1_154' title='bbox 1146 1901 1246 1934; x_wconf 82' lang='lat' dir='ltr'><strong>letter</strong></span> <span class='ocrx_word' id='word_1_155' title='bbox 1265 1903 1302 1933; x_wconf 87' lang='lat' dir='ltr'><strong>to</strong></span> 
     </span>
    </p>
   </div>
   <div class='ocr_carea' id='block_1_6' title="bbox 122 1963 147 1997">
    <p class='ocr_par' dir='ltr' id='par_1_7' title="bbox 122 1963 147 1997">
     <span class='ocr_line' id='line_1_22' title="bbox 122 1963 147 1997; baseline 0 0"><span class='ocrx_word' id='word_1_156' title='bbox 122 1963 147 1997; x_wconf 75' lang='lat'><strong>2</strong></span> 
     </span>
    </p>
   </div>
   <div class='ocr_carea' id='block_1_7' title="bbox 1407 416 1430 2242">
    <p class='ocr_par' dir='ltr' id='par_1_8' title="bbox 1407 416 1430 2242">
     <span class='ocr_line' id='line_1_23' title="bbox 1407 416 1430 2242; baseline 0 0"><span class='ocrx_word' id='word_1_157' title='bbox 1407 416 1430 2242; x_wconf 95' lang='lat' dir='ltr'><strong> </strong></span> 
     </span>
    </p>
   </div>
  </div>
 </body>
</html>
