1448 2236
133 384 177 438 >

183 491 205 522 4
222 489 357 537 copias
381 492 424 524 et
447 486 499 525 ad
518 486 747 538 eligendam
766 487 949 537 partem!
1003 486 1133 537 Prope
1157 485 1304 524 oblitus
1323 499 1412 524 sum

718 61 918 101 CICERO

222 167 289 210 sit,
311 164 526 203 firmiorem
543 177 554 210 ;
591 170 634 203 et
654 165 696 203 id
716 164 858 203 melius
880 170 1075 210 statuere,
1097 178 1177 216 quo
1197 167 1326 204 tutius
1347 166 1431 203 sit'„

227 218 274 256 In
316 218 391 257 hac
431 219 628 257 discordia
666 219 782 257 video
820 218 893 257 Cn.
932 219 1169 269 Pompeium
1210 223 1411 263 senatum,

224 274 380 323 quique,
392 285 457 310 res
475 272 669 318 iudicant,
684 285 822 311 secum
837 272 1070 310 habiturum
1087 285 1098 317 ς
1127 272 1180 310 ad
1198 271 1413 310 Caesarem
1430 279 1432 286 ’

223 339 377 372 omnes,
402 328 471 377 qui
495 339 588 364 cum
613 329 758 364 timore
783 331 856 364 aut
880 326 986 364 mala
1010 339 1082 377 spe
1106 329 1257 371 vivant,
1283 338 1413 364 acces-

223 392 363 425 suros;
414 382 638 429 exercitum
673 379 962 418 conferendum
997 393 1078 418 non
1115 393 1203 418 esse
1237 381 1411 417 omnino.

226 432 352 471 Modo
387 435 485 471 satis
520 435 626 483 spati
662 432 731 471 sit1
769 433 821 471 ad
857 433 1166 472 considerandas
1203 435 1413 483 utriusque

223 540 333 591 quod
362 543 539 578 maxime
568 540 648 578 fuit
678 541 946 579 scribendum.
999 539 1083 579 Scis
1113 540 1292 591 Appium
1322 551 1414 577 cen-

222 606 355 631 sorem
382 593 446 632 hic
473 599 636 632 ostenta
662 593 830 632 facere?
872 594 925 633 de
952 596 1074 645 signis
1103 599 1147 632 et
1173 592 1335 638 tabulis,
1360 592 1412 630 de

222 650 310 698 agri
322 647 455 693 modo,
468 647 521 686 de
533 660 628 685 aere
642 647 772 686 alieno
786 650 979 686 acerrime
991 660 1114 699 agere
1131 647 1147 685 ?
1172 646 1412 685 Persuasum

224 706 288 739 est
310 703 347 739 ei
368 714 580 739 censuram
600 701 826 739 lomentum
847 707 920 741 aut
940 703 1092 739 nitrum
1115 713 1216 739 esse.
1268 700 1412 738 Errare

223 755 320 792 mihi
348 755 521 794 videtur.
575 754 679 792 Nam
707 755 844 793 sordes
872 754 1008 793 eluere
1034 754 1148 800 vult;
1189 766 1312 792 venas
1339 753 1423 791 sibi*

223 821 362 846 omnes
399 814 445 846 et
481 811 634 846 viscera
669 811 815 859 aperit.
868 808 1007 855 Curre,
1043 821 1117 859 per
1153 807 1251 846 deos
1288 812 1426 858 atque-

223 861 419 907 homines,
453 868 496 900 et
529 875 652 912 quam
685 865 860 913 primum
895 862 995 900 haec
1023 865 1148 900 risum
1178 863 1285 906 veni,
1311 859 1429 911 legis

223 914 453 953 Scantiniae
479 916 670 954 iudicium
695 916 805 966 apud
830 916 1008 954 Drusum
1033 915 1133 960 fieri,
1159 915 1337 966 Appium
1360 914 1412 952 de

223 969 372 1007 tabulis
401 975 444 1007 et
470 972 594 1020 signis
621 982 757 1020 agere.
811 969 941 1008 Crede
969 968 1080 1014 mihi,
1109 973 1172 1007 est
1197 980 1413 1019 properan-

224 1022 335 1061 dum.
390 1022 510 1061 Curio
537 1029 676 1062 noster
708 1025 915 1074 sapienter
945 1022 1001 1068 id,
1034 1022 1142 1074 quod
1174 1024 1330 1060 remisit
1361 1021 1412 1058 de

223 1076 426 1127 stipendio
443 1076 624 1127 Pompei,
639 1076 782 1115 fecisse
799 1079 1067 1115 existimatur.
1120 1075 1186 1114 Ad
1201 1087 1412 1119 summam,

223 1133 397 1181 quaeris,
411 1131 509 1181 quid
523 1136 666 1182 putem
680 1129 876 1169 futurum.
928 1129 970 1168 Si
983 1129 1087 1168 alter
1101 1135 1194 1168 uter
1209 1141 1347 1167 eorum
1361 1127 1412 1166 ad

224 1183 457 1222 Parthicum
476 1184 628 1222 bellum
647 1197 727 1222 non
750 1190 832 1229 eat,
852 1183 969 1222 video
989 1196 1157 1234 magnas
1178 1181 1412 1233 impendere

222 1237 452 1283 discordias,
486 1251 585 1288 quas
617 1237 769 1276 ferrum
802 1243 845 1276 et
876 1240 934 1276 vis
966 1237 1173 1276 iudicabit.
1227 1235 1412 1286 Uterque

224 1293 358 1329 animo
378 1297 422 1329 et
439 1294 562 1341 copiis
582 1297 645 1329 est
662 1297 841 1342 paratus.
877 1290 919 1328 Si
937 1293 1023 1329 sine
1041 1296 1113 1328 tuo
1131 1289 1308 1340 periculo
1326 1288 1411 1326 fieri

272 1393 282 1413 ¹
311 1393 425 1427 Orelli
441 1405 453 1426 .·
490 1393 638 1435 Tyrrell,
651 1393 838 1436 following!
858 1393 1001 1426 Ernesti
1019 1393 1092 1425 and
1113 1392 1291 1429 Benedict.
1309 1390 1412 1424 reuda

223 1447 308 1470 esse.
357 1437 514 1470 Omnino
533 1437 618 1469 satis
638 1437 731 1478 spati
751 1439 814 1475 est,
836 1435 858 1449 “
874 1435 913 1468 in
933 1446 1003 1478 any
1022 1445 1097 1469 case
1117 1446 1165 1468 we
1185 1435 1270 1468 have
1285 1435 1409 1478 plenty

223 1481 267 1522 of
277 1481 359 1513 time
370 1480 411 1513 ”2
437 1491 512 1513 esse
528 1480 672 1512 omnino
689 1481 773 1512 satis
789 1480 855 1512 fati
870 1481 916 1512 sit
934 1478 986 1512 M.

274 1609 289 1624 ⁰
314 1605 382 1642 i.e.‚
398 1604 459 1637 the
474 1604 605 1637 iudices
622 1604 692 1637 and
709 1603 769 1637 the
784 1603 877 1645 legal
890 1604 1087 1645 profession
1101 1601 1296 1643 generally.

275 1648 287 1667 ⁶
310 1647 396 1681 This
424 1647 540 1680 would
568 1657 669 1680 come
696 1647 817 1681 before
843 1646 904 1680 the
931 1645 1064 1679 Censor
1091 1644 1205 1678 under
1231 1645 1292 1678 the
1317 1642 1409 1678 head

228 1691 268 1724 of
281 1690 302 1704 “
317 1691 491 1724 excessive
506 1690 634 1732 luxury
649 1690 670 1704 ”
687 1701 728 1723 οι·
743 1690 764 1704 “
779 1700 880 1731 gross
895 1688 1188 1731 extravagance.”

276 1739 289 1755 ⁶
310 1733 526 1772 Lomentum,
553 1733 574 1747 ‘⁴
590 1732 827 1771 bean-meal‚”
852 1732 939 1765 used
963 1731 1019 1765 for
1041 1732 1175 1764 washin
1215 1743 1224 1769 ς
1261 1731 1408 1769 nitrum,
1420 1736 1424 1758 '-

229 1781 251 1795 “
261 1775 566 1828 washing—sodass‘·
599 1776 785 1827 Appiusis
801 1775 999 1817 ovet-doing
1013 1774 1068 1807 his
1083 1785 1184 1807 mora
1216 1773 1408 1812 ablutions,
1422 1801 1436 1830 ,Ξ

229 1820 302 1884 ³¹¹?
314 1819 497 1897 {5532th
522 1819 1076 1903 Jssffssss'ussssnsst‘lsssswbmbamy
1105 1871 1128 1893 a
1159 1858 1329 1894 0121,de
1359 1817 1448 1906 ιηξ

228 1906 335 1945 birth,
351 1905 424 1939 and
439 1917 462 1939 a
479 1906 616 1939 Drusus
631 1905 681 1947 by
695 1903 879 1947 adoption.
927 1903 1030 1937 How.
1405 1919 1408 1923 ·
1423 1900 1448 1947 ξ

275 1954 288 1969 ⁸
312 1949 378 1983 See
395 1952 476 1982 note
492 1960 537 1982 on
555 1949 626 1981 viii.
647 1949 698 1981 12.
715 1950 748 1981 3.
1422 1963 1448 2005 ἒ

237 2003 311 2041 170
1424 2008 1448 2049 5:

1423 2128 1448 2158 (ἴε

1420 2157 1443 2179 'ff

1419 2192 1448 2236 ἐξ
