1448 2236
679 57 880 98 CICERO

180 162 345 206 virtute,
374 159 546 199 florente
575 162 768 209 Antonio,
798 165 887 214 quis
918 170 1019 211 erat,
1049 168 1119 217 qui
1148 167 1370 220 quidquam

180 225 346 260 timeret
366 221 580 274 profligato
603 223 683 270 illo,
705 229 750 263 te
770 225 974 265 liberato?
1023 227 1062 265 N
1064 241 1109 266 ec
1131 241 1227 267 vero
1250 229 1369 280 Lepi-

179 283 277 323 dum
306 285 563 324 timebamus.
621 286 720 334 Quis
751 290 859 325 enim
890 294 1011 335 esset,
1042 293 1111 341 qui
1140 290 1252 329 illum
1282 297 1369 330 tam

177 345 372 385 furiosum
389 347 667 394 arbitraretur,
685 354 745 395 ut,
764 353 832 400 qui
849 352 892 387 in
907 353 1084 390 maximo
1101 352 1208 391 bello
1223 366 1368 404 pacem

178 408 281 446 velle
293 421 336 447 se
349 409 530 455 dixisset,
542 412 575 448 is
592 412 636 448 in
651 413 905 461 optatissima
920 426 1021 463 pace
1038 413 1190 452 bellum
1206 417 1367 466 reipub-

176 470 277 509 licae
296 471 494 509 indiceret
510 472 525 509 ?
571 471 658 510 Nec
675 473 831 519 dubito,
852 476 950 525 quin
967 480 1015 513 tu
1032 475 1122 526 plus
1141 477 1366 526 provideas.

137 538 157 571 3
176 532 257 572 Sed
297 538 438 571 tamen
479 539 566 571 tam
605 537 760 573 recenti
801 536 1087 588 gratulatione,
1129 551 1252 589 quam
1293 545 1366 579 tuo

176 597 338 634 nomine
359 595 413 634 ad
434 598 568 634 omnia
589 596 757 635 deorum
778 598 933 648 templa
952 598 1135 646 fecimus,
1156 604 1365 640 renovatio

175 660 328 696 timoris
353 671 545 710 magnam
569 658 797 698 molestiam
821 659 1031 700 afferebat.
1082 661 1219 710 Quare
1243 663 1364 702 velim

176 719 379 771 equidem,
399 720 442 758 id
461 720 571 772 quod
590 733 721 771 spero,
741 727 789 760 ut
807 722 928 772 plane
947 723 1129 762 abiectus
1151 729 1194 762 et
1213 723 1364 764 fractus

174 784 227 820 sit
262 782 491 828 Antonius3
541 785 603 820 sin
637 782 789 835 aliquid
823 786 966 823 virium
999 783 1107 824 forte
1142 785 1363 838 collegerit,

174 846 326 882 sentiet
357 857 432 882 nec
464 847 624 882 senatui
656 845 863 883 consilium
895 859 970 885 nec
1000 847 1149 898 populo
1182 847 1364 887 Romano

173 908 367 944 virtutem
402 905 557 951 deesse,
591 920 668 945 nec
702 908 947 958 reipublicae
984 913 1028 947 te
1066 912 1154 948 vivo
1190 912 1363 962 impera-

174 973 319 1006 torem.
373 980 453 1006 xw.
476 968 566 1006 Kal.
588 968 677 1006 Iun.

717 1151 818 1190 XIX

486 1266 526 1292 D.
554 1267 706 1293 BRUTUS
733 1267 765 1293 S.
793 1267 829 1293 P.
857 1268 896 1293 D.
924 1267 969 1294 M.
995 1268 1034 1294 T.
1060 1268 1096 1295 C·

569 1357 747 1398 Vercellis,
764 1369 868 1392 A.u.c.
887 1361 964 1392 711.

132 1439 151 1474 1
221 1434 288 1472 Ad
301 1440 489 1472 senatum
503 1447 603 1486 quas
616 1434 773 1473 litteras
787 1438 891 1481 misi,
905 1435 1024 1473 velim
1036 1438 1146 1487 prius
1159 1436 1358 1489 perlegas,

171 1502 228 1542 et,
238 1499 270 1534 si
286 1509 367 1547 qua
385 1497 458 1534 tibi
479 1496 737 1543 videbuntur,
756 1503 993 1536 commutes.
1039 1497 1273 1537 Necessario
1291 1512 1358 1537 me

169 1561 371 1609 scripsisse
408 1561 495 1609 ipse
532 1559 858 1605 animadvertes3
909 1572 1005 1597 nam
1042 1573 1134 1598 cum
1169 1566 1358 1611 putarem

169 1620 367 1668 Quartam
401 1626 444 1658 et
478 1619 672 1658 Martiam
703 1620 882 1672 legiones
915 1634 1075 1660 mecum
1106 1621 1277 1668 futuras,
1311 1628 1358 1661 ut

169 1682 302 1720 Druso
349 1681 568 1733 Paulloque
614 1681 835 1732 placuerat,
873 1683 983 1721 vobis
1030 1685 1356 1730 assentientibus,

218 1782 234 1797 ⁰
259 1776 364 1810 Chief
376 1780 470 1810 town
487 1778 528 1810 of
539 1777 599 1810 the
616 1777 730 1810 Libici
745 1778 781 1810 in
797 1776 975 1819 Cisalpine
991 1777 1096 1811 Gaul.
1424 1804 1426 1808 v

220 1819 233 1839 δ
258 1819 324 1853 See
349 1821 415 1853 xiv.
439 1822 472 1853 2.
519 1819 632 1853 These
657 1820 791 1862 legions
814 1820 955 1854 refused
978 1820 1176 1863 absolutely
1198 1824 1236 1855 to
1258 1831 1355 1855 serve
1415 1828 1426 1846 ³

171 1863 283 1895 under
299 1874 371 1905 any
387 1864 428 1896 of
440 1863 599 1896 Caesar's
615 1863 823 1896 murderers.

219 1911 231 1926 ⁰
255 1906 403 1945 Drusus,
433 1906 549 1939 father
579 1907 620 1939 of
649 1906 749 1940 Livia
779 1906 944 1945 Drusilla,
970 1907 1048 1940 wife
1078 1908 1119 1940 of
1146 1907 1347 1950 Augustuss
1415 1915 1419 1923 ‘

172 1948 327 1988 Paullus,
343 1948 466 1982 consul
482 1950 517 1981 in
535 1951 588 1982 50.

170 1998 248 2040 476
