1448 2236
670 66 872 106 CICERO

717 194 820 233 VIII

508 293 556 320 Μ.
573 293 612 319 Τ.
631 294 665 320 C.
683 293 716 320 S.
735 294 773 320 P.
791 294 831 321 D.
850 294 885 321 C.
903 295 1031 321 CASSIO

591 377 738 416 Romae,
756 388 861 411 A.u.c.
879 379 957 411 711.

138 459 156 493 1
226 452 363 492 Scelus
399 453 526 491 affinis
562 456 623 491 tui
659 453 804 505 Lepidi
839 467 1119 506 summamque
1153 454 1363 495 levitatem

177 514 220 546 et
235 510 548 546 inconstantiam
566 520 617 545 ex
635 510 748 553 actis,
765 521 870 559 quae
888 509 940 546 ad
957 514 1000 547 te
1016 511 1125 547 mitti
1142 515 1253 548 certo
1269 513 1363 556 scio,

175 574 369 612 cognosse
390 567 434 599 te
457 561 640 599 arbitror.
695 561 840 612 Itaque
863 575 949 608 nos,
970 561 1155 601 confecto
1176 563 1296 610 bello,
1317 570 1364 602 ut

176 615 485 660 arbitrabamur,
505 620 744 652 renovatum
763 615 915 653 bellum
933 618 1135 667 gerimus3
1169 630 1363 669 spemque

175 682 338 707 omnem
362 671 405 706 in
431 668 484 706 D.
510 667 636 706 Bruto
662 674 706 706 et
731 668 879 707 Planco
904 669 1128 715 habemus;
1167 673 1200 708 si
1225 684 1365 709 verum

177 724 349 774 quaeris,
366 724 408 759 in
423 727 467 760 te
485 727 528 760 et
543 724 585 759 in
601 735 693 760 meo
709 722 848 768 Bruto,
865 736 946 761 non
961 722 1090 761 solum
1107 723 1160 762 ad
1174 737 1364 774 praesens

175 775 418 828 perfugium,
437 777 483 820 si,
502 776 610 826 quod
627 775 764 821 nolim,
783 776 938 814 adversi
956 777 1054 827 quid
1072 777 1275 823 acciderit,
1293 778 1365 816 sed

137 835 158 866 2
177 832 303 868 etiam
326 829 379 867 ad
401 829 747 867 confirmationem
769 835 994 880 perpetuae
1016 829 1230 869 libertatis.
1282 831 1364 869 Nos

176 883 240 921 hic
252 883 304 921 de
317 881 530 920 Dolabella
543 883 819 928 audiebamus,
832 896 938 934 quae
950 882 1143 921 vellemus
1161 895 1171 929 ;
1197 884 1270 922 sed
1281 897 1365 923 cer-

176 942 240 975 tos
267 942 450 974 auctores
477 949 559 973 non
583 936 847 974 habebamus.
898 937 956 974 Te
983 937 1147 987 quidem
1173 951 1365 988 magnum

177 990 381 1028 hominem
402 995 446 1027 et
465 992 670 1040 praesenti
690 990 835 1028 iudicio
858 995 901 1028 et
919 989 1062 1041 reliqui
1083 994 1276 1041 temporis
1297 1004 1365 1029 ex-

177 1046 429 1094 spectatione
454 1046 554 1081 scito
574 1056 676 1081 esse.
729 1043 817 1081 Hoc
836 1043 911 1081 tibi
929 1046 1148 1094 proposito,
1166 1043 1231 1082 fac
1249 1049 1296 1083 ut
1313 1045 1366 1084 ad

177 1111 334 1135 summa
347 1097 582 1135 contendas.
635 1096 744 1134 Nihil
758 1102 821 1135 est
835 1102 1009 1142 tantum,
1024 1097 1133 1148 quod
1146 1111 1228 1136 non
1238 1110 1365 1148 popu-

176 1150 459 1242 lxlsiisomanus
478 1164 502 1188 a
519 1156 562 1189 te
580 1150 717 1201 perfici
736 1156 860 1202 atque
878 1151 1052 1189 obtineri
1067 1164 1185 1202 posse
1201 1151 1365 1190 iudicet.

214 1218 238 1242 a
254 1217 291 1243 e.

745 1299 804 1336 IX

513 1398 559 1423 M.
577 1398 615 1423 Τ.
635 1399 669 1424 C.
688 1398 720 1424 S.
739 1398 776 1423 P.
796 1399 835 1424 D.
854 1399 888 1423 C.
908 1398 1036 1423 CASSIO
1063 1418 1066 1422 .

593 1473 740 1511 Romae,
758 1483 864 1506 A.u.c.
882 1475 960 1505 711.

141 1557 158 1589 1
229 1550 411 1589 Brevitas
434 1555 597 1588 tuarum
619 1549 847 1587 litterarum
870 1562 936 1587 me
960 1562 1121 1600 quoque
1144 1550 1366 1588 breviorem

178 1607 221 1642 in
255 1603 466 1643 scribendo
499 1601 626 1647 facit3
675 1608 732 1647 et,
768 1615 861 1640 vere
896 1607 943 1640 ut
977 1603 1122 1648 dicam,
1157 1616 1237 1641 non
1270 1607 1367 1642 satis

230 1703 245 1719 ⁰
270 1698 337 1732 See
353 1701 436 1731 note
451 1708 468 1731 e
484 1708 531 1730 on
546 1699 581 1730 2.
596 1698 631 1730 2.

233 1743 246 1763 θ
268 1741 344 1774 The
360 1741 452 1774 Acta
468 1740 621 1778 Dim-na,
632 1739 693 1773 the
709 1743 731 1758 ‘⁶
742 1738 849 1780 Daily
860 1738 1007 1771 Gazette
1019 1739 1040 1752 ’'
1057 1738 1138 1781 (our
1154 1739 1303 1773 “Times
1317 1739 1365 1782 ’“),

186 1784 261 1817 first
276 1783 464 1827 published
480 1785 516 1816 in
530 1783 591 1816 the
603 1782 678 1816 first
692 1782 896 1824 consulship
910 1782 952 1815 of
964 1781 1094 1815 Caesar
1106 1782 1192 1824 (59),
1203 1782 1365 1825 reported

186 1828 247 1860 the
269 1826 500 1869 proceedings
522 1826 564 1859 of
583 1826 644 1859 the
667 1825 807 1863 Senate,
823 1824 936 1857 births
951 1824 1022 1858 and
1045 1823 1183 1863 deaths‚
1199 1824 1271 1858 and
1293 1836 1366 1868 any

185 1871 379 1912 important
394 1879 630 1902 occurrences.
677 1868 752 1901 The
767 1868 871 1905 Acta,
887 1867 978 1900 after
993 1867 1120 1900 official
1135 1867 1364 1909 publication,

185 1924 275 1946 were
303 1912 428 1955 copied
460 1912 510 1954 by
536 1911 677 1949 scribes,
705 1911 783 1944 who
813 1909 888 1944 sold
919 1910 1017 1943 them
1045 1913 1082 1943 to
1111 1910 1171 1943 the
1201 1910 1364 1953 wealthy‚

188 1955 377 1998 especially
391 1957 427 1988 in
443 1955 503 1988 the
520 1956 713 1997 provinces.
765 1953 821 1995 C'f.
839 1954 910 1987 viii.
932 1957 960 1986 l.
977 1955 1009 1986 2.
1058 1952 1205 1995 Tyri-ell-

185 2011 259 2045 538
