1448 2236
658 57 859 97 CICERO

162 174 189 199 a
213 167 257 200 te
280 163 348 212 pie
374 161 460 199 fieri
486 166 529 199 et
553 160 743 206 humane,
769 166 816 199 ut
841 161 893 200 de
917 165 1125 201 curatione
1149 162 1335 203 ludorum

125 220 146 252 8
163 214 245 253 Sed
257 220 314 260 te,
327 214 532 253 hominem
544 215 833 260 doctissimum,
846 229 927 253 non
937 215 1058 267 fugit,
1070 219 1103 254 si
1116 216 1264 255 Caesar
1274 231 1347 256 rex

162 267 300 314 fuerit,
313 268 422 319 quod
434 268 531 306 mihi
545 268 710 319 quidem
721 269 895 314 videtur,
907 271 949 306 in
961 275 1176 321 utramque
1188 278 1348 322 partem

163 322 216 360 de
234 327 306 360 tuo
324 323 450 360 officio
468 322 664 372 disputari
681 335 813 372 posse,
830 323 923 360 vel'
913 336 955 360 111
973 336 1076 369 eam,
1095 337 1176 374 qua
1194 337 1270 376 ego
1287 328 1348 363 uti

163 375 285 421 soleo,
309 375 553 414 laudandam
578 389 665 413 esse
690 376 811 413 fidem
836 382 878 414 et
901 375 1198 415 humanitatem
1220 384 1348 424 tuam,

162 432 231 480 qui
252 432 426 467 amicum
448 432 572 467 etiam
592 435 798 467 mortuum
818 429 916 481 dilig
917 443 974 475 35,
995 430 1059 468 vel
1079 434 1122 468 in
1143 445 1246 478 eam,
1268 445 1349 483 qua

162 483 341 521 nonnulli
388 488 571 528 utuntur,
603 482 836 521 libertatem
879 486 1036 534 patriae
1078 487 1187 523 vitae
1231 489 1348 524 amici

161 537 504 587 anteponendam.
560 537 623 574 Ex
654 536 715 574 his
745 538 994 575 sermonibus
1025 541 1182 576 utinam
1212 545 1349 578 essent

162 590 325 628 delatae
337 590 390 628 ad
400 596 444 628 te
456 590 749 640 disputationes
761 603 879 628 meae
897 591 905 629 !
945 591 1019 628 Illa
1030 604 1125 629 vero
1137 592 1231 638 duo,
1243 606 1348 644 quae

161 646 340 682 maxima
373 650 469 682 sunt
503 644 669 682 laudum
703 650 879 689 tuarum,
915 647 1002 695 quis
1038 651 1111 683 aut
1145 645 1348 692 libentius,

162 711 285 749 quam
316 710 406 749 ego,
436 703 739 743 commemorat,
769 703 841 735 aut
871 699 1062 748 saepius?
1105 699 1165 737 Τ8
1195 705 1239 738 et
1267 713 1349 738 non

162 751 403 802 suscipiendi
418 751 512 789 belli
527 751 648 789 civilis
659 754 938 815 gravissimum
952 757 1159 790 auctorem
1169 751 1293 791 fuisse
1305 759 1348 792 et

161 805 435 843 moderandae
459 807 677 850 victoriae3
710 808 752 842 in
780 818 873 856 quo,
897 807 966 856 qui
987 805 1084 843 mihi
1109 819 1190 844 non
1214 820 1347 845 assen-

162 861 321 904 tiretur,
340 861 474 895 inveni
494 861 711 896 neminem.
757 858 893 906 Quare
913 859 1043 897 habeo
1061 862 1236 911 gratiam
1253 861 1348 899 Tre-

162 912 287 958 batio,
305 911 491 949 familiari
510 918 660 957 nostro,
680 914 749 963 qui
767 912 864 949 mihi
883 912 998 950 dedit
1021 926 1183 950 causam
1206 913 1349 951 harum

162 965 390 1003 litterarum
406 978 417 1011 ;
450 966 594 1017 quibus
613 968 688 1003 nisi
707 966 936 1011 credideris,
954 979 1021 1003 me
1040 969 1168 1004 omnis
1186 967 1287 1005 offici
1306 973 1350 1006 et

161 1019 426 1057 humanitatis
438 1025 651 1070 expertem
662 1019 847 1057 iudicaris
865 1032 875 1064 ;
902 1033 982 1070 quo
994 1032 1069 1058 nec
1080 1020 1178 1058 mihi
1188 1023 1349 1072 gravius

161 1073 383 1125 quidquam
400 1078 539 1124 potest
558 1086 646 1111 esse
663 1086 739 1111 nec
757 1086 782 1110 a
799 1078 843 1111 te
862 1072 1042 1112 alienius.

664 1239 845 1278 XXVIII

446 1356 482 1383 c,
509 1356 656 1382 MATIUS
684 1356 729 1382 Μ.
757 1356 795 1383 Τ.
825 1357 1008 1382 σιεΕιιοΝι
1035 1356 1070 1384 s.

573 1451 721 1490 Rornae,
736 1462 842 1485 A.u.c.
860 1454 938 1485 710.

121 1533 140 1566 1
213 1526 411 1579 Magnam
437 1527 690 1578 voluptatem
719 1541 770 1565 ex
804 1530 884 1565 tuis
916 1527 1062 1566 litteris
1094 1531 1197 1579 cepi,
1226 1529 1348 1581 quod,

161 1593 283 1633 quam
300 1595 505 1632 speraram
522 1587 648 1632 atque
666 1587 864 1631 optaram,
882 1581 1032 1619 habere
1049 1587 1093 1620 te
1110 1582 1163 1620 de
1179 1595 1246 1621 me
1263 1587 1346 1634 opi-

210 1675 324 1708 “The
354 1675 451 1708 [sudi
490 1675 661 1708 Victoriae
696 1675 857 1708 Caesaris
889 1686 928 1707 or
970 1675 1110 1708 Veneris
1144 1675 1345 1716 Genetricis,

162 1718 284 1751 vowed
301 1718 351 1760 by
367 1718 496 1751 Caesar
511 1722 549 1751 at
566 1717 757 1750 Pharsalia.

211 1761 225 1781 ⁶
250 1761 293 1794 In
309 1761 379 1794 this
397 1761 620 1794 remarkable
635 1761 745 1799 letter,
760 1771 783 1793 a
801 1760 942 1802 literary
957 1759 1027 1793 and
1046 1760 1300 1801 historicalxrn

164 1807 194 1836 ἐς
220 1806 278 1841 ἀεί,
309 1804 442 1837 Matius
469 1804 600 1837 reveals
625 1786 768 1836 himself
790 1813 829 1835 as
855 1814 877 1835 a
902 1814 983 1835 man
1011 1804 1052 1836 of
1074 1803 1202 1836 broad-
1201 1764 1344 1838 minded

162 1846 311 1888 charity‚
343 1847 574 1889 outstanding
602 1857 766 1888 com-age,
796 1845 867 1878 and
898 1847 1121 1889 unswerving
1146 1846 1282 1889 fideliry
1307 1849 1344 1882 in
1366 1855 1369 1858 ’
1412 1883 1414 1886 ,

161 1889 451 1932 friendship—an
473 1889 633 1932 example
655 1891 696 1923 of
722 1889 862 1923 Roman
891 1889 1103 1929 humanitas,
1125 1890 1250 1929 virtus,
1272 1890 1344 1925 and
1411 1928 1414 1930 ,

162 1934 370 1968 mutantia.

161 1987 238 2023 502
