1448 2236
684 90 885 129 CICERO

189 191 257 229 illa
285 193 450 243 quidem
477 206 583 243 spes,
611 194 683 231 sed
713 207 860 245 anceps
888 208 984 233 cura
1010 201 1174 246 propter
1202 198 1375 234 incertos

150 251 173 282 4
191 248 323 284 exitus
346 246 601 296 praeliorum.
655 247 858 286 Persuade
881 249 956 286 tibi
978 251 1116 300 igitur,
1137 251 1181 287 in
1202 254 1246 287 te
1270 254 1314 287 et
1332 251 1375 287 in

189 298 315 337 Bruto
330 305 402 338 tuo
419 313 506 338 esse
522 303 669 346 omnia,
686 315 754 339 vos
771 305 1011 352 exspectari,
1025 302 1196 341 Brutum
1211 303 1375 354 quidem

187 355 269 390 iam
282 356 458 404 iamque.
512 354 632 402 Quod
644 357 691 400 si,
705 361 752 393 ut
764 368 895 406 spero,
909 358 1023 394 victis
1037 356 1217 394 hostibus
1230 359 1374 394 nostris

190 410 393 454 veneritis,
424 413 565 446 tamen
601 411 845 447 auctoritate
875 415 1011 448 vestra
1045 409 1271 460 respublica
1306 423 1375 448 ex-

188 466 328 512 surget
355 467 399 499 et
423 463 466 498 in
492 461 625 513 aliquo
652 467 763 500 statu
789 462 988 501 tolerabili
1013 466 1220 502 consistet.
1272 462 1375 501 Sunt

189 517 296 552 enim
342 515 558 565 permulta,
597 517 741 567 quibus
788 519 865 554 erit
909 517 1173 563 medendum,
1216 519 1373 555 etiamsi

187 568 412 618 respublica
449 571 545 607 satis
583 582 671 608 esse
708 570 910 608 videbitur
946 570 1161 609 sceleribus
1198 569 1373 609 hostium

187 621 372 660 liberata.
426 622 538 661 Vale.

749 746 809 784 XI

403 853 439 879 C.
458 853 607 879 CAssms
626 853 785 880 Pnocos.
802 853 835 879 S.
854 854 892 880 P.
911 854 950 880 D.
969 854 1015 880 M.
1032 854 1071 880 T.
1088 854 1125 882 C.

478 936 520 968 In
537 937 660 969 castris
675 936 865 976 Taricheis,
882 947 989 970 A.u.c.
1006 939 1045 970 ’τι
1055 940 1084 970 1.

146 1026 164 1059 1
235 1021 516 1073 S.v.b.e.e.q.v.
573 1021 622 1059 In
646 1021 802 1073 Syriam
821 1035 887 1060 me
906 1021 1132 1072 profectum
1159 1035 1246 1061 esse
1271 1025 1370 1061 scito

185 1075 238 1113 ad
274 1075 323 1114 L.
362 1075 550 1113 Murcum
588 1081 632 1113 et
659 1075 710 1122 Q.
749 1075 933 1126 Crispum
959 1078 1236 1126 imperatores.
1288 1076 1371 1114 Viri

184 1128 309 1167 fortes
335 1131 559 1180 optimique
586 1131 705 1174 cives,
725 1135 992 1180 posteaquam
1015 1130 1243 1175 audierunt,
1266 1142 1370 1180 quae

185 1181 337 1220 Romae
349 1188 602 1234 gererentur,
613 1185 813 1220 exercitus
825 1183 924 1220 mihi
934 1183 1203 1229 tradiderunt,
1214 1186 1370 1234 ipsique

184 1249 343 1274 mecum
372 1249 453 1274 una
480 1235 695 1274 fortissimo
725 1239 857 1274 animo
884 1236 1174 1287 rempublicam
1204 1237 1371 1275 admini-

183 1295 328 1327 strant.
382 1289 489 1328 Item
517 1290 733 1341 legionem,
762 1303 884 1340 quam
922 1290 972 1337 Q.
1006 1290 1200 1328 Caecilius
1226 1290 1370 1328 Bassus

185 1343 340 1388 habuit,
367 1343 420 1381 ad
444 1356 510 1381 me
538 1346 693 1382 venisse
719 1346 847 1388 scito;
877 1349 1150 1395 quattuorque
1177 1343 1370 1395 legiones,

184 1410 283 1447 quas
303 1397 354 1434 A.
374 1397 555 1435 Allienus
577 1410 627 1435 ex
653 1397 845 1449 Aegypto
872 1397 1027 1443 eduxit,
1051 1397 1222 1435 traditas
1248 1397 1299 1435 ab
1321 1410 1370 1435 eo

145 1455 166 1486 2
183 1450 281 1487 mihi
315 1463 402 1488 esse
435 1453 548 1488 scito.
605 1450 722 1488 Nunc
758 1456 802 1488 te
839 1450 1117 1489 cohortatione
1153 1464 1234 1488 non
1270 1455 1370 1501 puto

182 1504 378 1555 indigere,
394 1509 440 1541 ut
455 1517 526 1542 nos
547 1504 736 1542 absentes
754 1517 922 1555 remque
941 1503 1158 1555 publicam,
1173 1509 1369 1555 quantum

233 1637 248 1652 ⁶
274 1632 404 1665 Brutus
421 1643 525 1665 never
540 1642 652 1671 came,
668 1632 734 1665 but
750 1636 843 1665 went
858 1635 895 1665 to
911 1632 1009 1666 Asia.

233 1676 246 1696 '³
271 1675 314 1708 In
331 1675 477 1714 Galilee,
493 1678 532 1708 at
547 1675 607 1708 the
623 1675 726 1708 south
744 1675 813 1707 end
829 1675 870 1708 of
882 1676 942 1708 the
959 1675 1061 1709 Lake
1076 1675 1117 1709 of
1129 1675 1297 1709 Tiberias.

234 1723 246 1739 ⁶
269 1718 508 1761 s.v.b.e.e.q.v.
518 1719 587 1751 =si
602 1718 709 1756 vales,
725 1718 816 1751 bene
832 1721 902 1761 est3
926 1729 993 1760 ego
1009 1729 1152 1761 quoque
1166 1718 1278 1752 valeo.

232 1761 248 1781 ἆ
273 1761 314 1794 L.
334 1761 454 1794 Staius
475 1762 622 1794 Murcus
640 1761 712 1793 had
730 1761 820 1793 been
838 1764 916 1793 sent
933 1761 983 1803 by
1001 1761 1118 1794 Julius
1137 1760 1266 1794 Caesar
1283 1761 1366 1794 with

186 1804 283 1837 three
296 1804 432 1846 legions
446 1807 483 1838 to
498 1815 631 1846 oppose
645 1803 691 1844 Q.
707 1803 878 1837 Caecilius
895 1804 1037 1843 Bassus,
1050 1804 1141 1843 who,
1156 1803 1304 1838 assisted
1317 1804 1367 1847 by

184 1848 245 1880 the
268 1847 465 1886 Parthians,
482 1847 554 1880 had
571 1847 686 1880 raised
701 1857 724 1880 a
739 1846 849 1880 revolt
864 1848 900 1879 in
918 1847 1034 1889 Syria.

231 1896 243 1910 ⁶
268 1890 312 1931 Q.
338 1891 495 1923 Marcius
519 1890 674 1932 Crispus,
697 1900 870 1932 governor
896 1890 936 1922 of
957 1890 1136 1932 Bithynia,
1166 1889 1239 1923 had
1267 1900 1367 1924 come

184 1936 222 1966 to
230 1933 342 2008 ,SR-i?
358 1933 442 2009 vgitth
459 1933 607 2008 arzolghcir
614 1933 721 2009 ἑὲἧεε
737 1932 872 1975 legions
889 1936 926 1965 to
942 1934 1046 1966 assist
1064 1933 1222 1966 Murcus.

333 1987 371 2018 ey
410 1987 452 2009 us
468 1987 490 2009 ο
556 1987 577 2008 o
592 1987 613 2008 a
685 1986 718 2009 a.

184 2033 259 2066 544
