1448 2236
649 72 852 111 CICERO

154 176 409 225 tentiamque
440 176 540 221 eius,
569 175 698 226 qualis
727 175 866 215 futura
896 182 1004 216 esset
1032 183 1152 229 parta
1180 181 1364 217 victoria-

154 247 423 294 cognoverim‚
443 250 487 283 te
506 248 720 284 certiorem
740 245 897 285 fecisse.
950 246 992 286 Si
1011 235 1218 286 existimas
1239 262 1346 286 eam-

153 313 248 352 dem
267 317 467 352 rationem
486 314 574 354 fore
594 315 757 354 Caesari
776 319 819 354 in
837 317 1090 356 dimittendis
1109 318 1344 357 adversariis

154 389 198 422 et
221 385 518 423 condicionibus
542 385 734 432 ferendis,
754 399 875 426 erras.
929 387 1039 426 Nihil
1060 391 1135 426 nisi
1161 394 1278 427 atrox
1302 394 1346 427 et
1374 379 1377 382 ¹

153 467 319 492 saevum
333 459 500 506 cogitat,
516 462 641 507 atque
656 459 781 494 etiam
794 457 986 508 loquitur.
1039 458 1172 496 Iratus
1186 461 1346 497 senatui

154 527 253 563 exiit
271 537 281 570 ;
316 525 377 563 his
398 527 750 565 intercessionibus
770 527 891 578 plane
912 530 1103 566 incitatus
1126 534 1189 567 est
1206 541 1217 574 ;
1251 542 1346 575 non,

114 600 135 631 2
153 595 398 641 mehercule,
434 598 512 634 erit
545 597 822 647 deprecationi
856 597 979 636 locus.
1033 598 1170 646 Quare
1203 601 1237 636 si
1271 599 1346 636 tibi

152 671 212 711 tu,
231 668 264 704 si
282 665 384 704 filius
403 669 556 712 um'eus,
574 669 607 704 si
625 667 781 713 domus,
799 670 832 705 si
849 680 941 718 spes
959 673 1057 706 tuae
1073 668 1254 720 reliquae
1271 669 1347 707 tibi

151 749 269 774 carae
283 742 391 782 sunt,
405 739 439 774 si
453 736 604 788 aliquid
618 737 727 788 apud
740 743 783 775 te
797 751 884 783 nos,
897 740 930 775 si
944 741 1003 776 vir
1015 741 1206 789 optimus,
1220 751 1347 790 gener

152 812 260 852 tuus,
284 806 406 852 valet,
428 807 615 857 (quorum
643 807 826 846 fortunas
855 821 938 846 non
966 808 1092 846 debes
1122 808 1225 846 velle
1254 822 1347 846 con-

151 877 331 922 turbare,
348 882 396 914 ut
414 890 505 914 eam
521 890 698 923 causam,
715 880 757 915 in
774 880 886 916 cuius
902 880 1069 916 victoria
1085 878 1192 916 salus
1209 884 1347 917 nostra

152 952 228 992 est,
269 947 401 985 odisse
441 953 515 985 aut
554 947 782 998 relinquere
823 961 1027 999 cogamur,
1068 954 1141 987 aut
1180 951 1346 999 impiam

152 1017 420 1067 cupiditatem
435 1023 576 1056 contra
588 1017 762 1056 salutem
777 1023 892 1056 tuam
904 1018 1156 1070 habeamus),
1168 1018 1345 1070 denique

151 1087 250 1125 illud
271 1090 418 1139 cogita,
441 1088 550 1139 quod
571 1087 747 1126 offensae
768 1087 891 1126 fuerit
912 1090 954 1125 in
974 1091 1053 1126 ista
1073 1091 1346 1135 cunctatione,

152 1163 196 1196 te
224 1158 407 1202 subisse;
450 1172 556 1196 nunc
584 1164 628 1196 te
657 1163 797 1196 contra
825 1161 1019 1196 victorem
1046 1157 1195 1203 facere,
1224 1171 1347 1209 quem

153 1228 283 1266 dubiis
304 1229 424 1265 rebus
445 1228 607 1266 laedere
628 1228 805 1274 noluisti,
827 1234 870 1266 et
891 1229 943 1266 ad
964 1241 1032 1266 eos
1052 1227 1215 1279 fugatos
1236 1241 1348 1279 acce-

152 1298 263 1344 dere,
286 1311 386 1348 quos
407 1301 644 1336 resistentes
666 1301 780 1349 sequi
802 1298 989 1343 nolueris,
1011 1311 1194 1336 summae
1215 1297 1346 1336 stulti-

153 1371 236 1406 tiae
257 1374 332 1407 est.
385 1368 503 1414 Vide,
522 1381 588 1414 ne,
608 1369 706 1406 dum
724 1368 853 1419 pudet
873 1373 916 1406 te
938 1381 1082 1418 parum
1105 1371 1346 1419 optimatem

154 1452 255 1484 esse,
290 1452 435 1489 parum
470 1438 701 1489 diligenter,
737 1438 835 1489 quid
870 1441 1070 1488 optimum
1104 1440 1171 1484 sit,
1207 1437 1345 1487 eligas.

113 1515 134 1547 3
153 1509 272 1557 Quod
297 1511 328 1546 si
353 1515 488 1546 totum
512 1509 587 1546 tibi
611 1509 857 1559 persuadere
880 1521 962 1546 non
985 1521 1161 1558 possum,
1186 1507 1346 1552 saltem,

152 1580 251 1618 dum
286 1580 382 1630 quid
418 1579 471 1618 de
507 1579 712 1629 Hispaniis
747 1591 915 1630 agamus
951 1580 1088 1624 scitur,
1125 1583 1318 1628 exspecta
1334 1589 1346 1622 ;

204 1703 220 1719 ⁰
244 1698 445 1741 Especially
461 1697 501 1730 of
515 1698 556 1730 L.
577 1697 754 1736 Metellus,
771 1708 793 1730 a
809 1697 914 1730 bitter
931 1707 1059 1739 enemy
1074 1696 1115 1730 of
1127 1696 1268 1730 Caesar.

203 1742 216 1763 δ
241 1742 309 1780 i.e.‚
336 1742 442 1784 “you
468 1741 560 1774 have
586 1741 763 1783 certainly
789 1740 900 1773 vexed
928 1738 1061 1772 Caesar
1091 1739 1141 1782 by
1169 1750 1261 1782 your
1292 1740 1345 1771 in-

157 1785 317 1819 decision
343 1786 380 1817 in
406 1784 469 1817 the
491 1787 583 1826 past,
607 1783 675 1816 but
697 1787 734 1816 to
757 1784 873 1816 throw
895 1783 971 1815 him
994 1793 1080 1815 over
1102 1783 1159 1815 for
1183 1782 1344 1825 Pompey
1442 1794 1448 1825 5

155 1840 231 1862 ‘now
247 1828 366 1861 would
382 1827 427 1860 be
443 1826 631 1860 suicidal.”

205 1877 217 1892 ⁶
241 1871 381 1904 Caelius
401 1881 473 1904 was
492 1872 528 1903 in
547 1870 608 1903 the
626 1880 729 1911 army
749 1869 789 1901 of
805 1869 947 1908 Caesar,
966 1868 1047 1901 who
1066 1879 1138 1901 was
1158 1868 1344 1910 marching

158 1917 232 1948 into
265 1914 377 1956 Spain
410 1917 447 1947 to
479 1913 602 1946 attack
634 1913 695 1946 the
729 1912 922 1955 Pompeian
955 1911 1128 1954 generals,
1161 1911 1344 1950 Afranius,

159 1958 327 1995 Petreius,
344 1956 416 1989 and
433 1957 559 1989 Varro.

164 2009 239 2051 176
