1448 2236
474 0 1448 31 ἠὴ-

687 100 889 140 CICERO

189 215 290 253 quas
305 204 379 241 tibi
395 206 539 242 nuntio
555 204 732 242 adventu
749 204 931 243 Caesaris
945 204 1033 244 fore
1047 210 1216 246 nostras.
1247 206 1381 253 Quam

189 283 255 319 isti
286 294 401 332 spem
431 282 612 321 habeant
642 285 796 322 amissis
827 283 1030 334 Hispaniis
1060 286 1207 323 nescio.
1261 283 1381 332 Quod

187 372 306 410 porro
323 365 441 399 tuum
458 361 667 400 consilium
683 364 736 400 sit
753 362 807 400 ad
823 362 1058 413 desperatos
1076 363 1283 408 accedere,
1299 376 1381 401 non

147 444 169 475 4
187 439 344 477 medius
361 439 478 478 fidius
494 443 665 491 reperio.
720 440 821 486 Hoc,
838 441 947 492 quod
962 446 1009 479 tu
1024 454 1106 480 non
1121 441 1292 480 dicendo
1306 444 1381 479 mi-
1432 460 1434 462 ·

187 516 228 555 hi
245 518 493 569 significasti,
509 518 658 557 Caesar
672 520 870 565 audierat,
886 533 932 558 ac
949 519 1208 572 simulatque
1225 519 1234 534 ‘
1249 519 1353 560 have
1368 517 1379 533 ’

186 596 284 634 mihi
303 597 420 643 dixit,
438 600 579 635 statim
597 598 696 648 quid
713 598 766 636 de
783 603 828 636 te
847 598 1027 637 audisset
1045 601 1244 650 exposuit.
1298 598 1379 637 Ne·

185 677 278 727 gavi
297 689 362 714 me
382 678 498 722 scire,
511 675 584 715 sed
602 682 741 715 tamen
761 677 813 715 ab
834 690 882 716 eo
899 679 1014 728 petii,
1028 682 1076 716 ut
1095 677 1148 716 ad
1164 682 1208 716 te
1221 677 1379 716 litteras

184 756 384 800 mitteret,
403 755 548 806 quibus
564 758 742 794 maxime
759 755 811 794 ad
827 756 1120 794 remanendum
1136 758 1378 795 commoveri

184 846 335 884 posses.
392 833 464 871 Me
492 847 630 872 secum
655 836 698 871 in
727 834 964 885 Hispaniam
991 834 1116 874 ducit.
1170 834 1276 872 Nam
1302 837 1378 873 nisi

183 913 243 950 ita
268 911 436 958 faceret,
465 925 541 963 ego
566 915 690 963 prius,
717 925 840 964 quam
866 913 919 951 ad
946 912 1102 951 Urbem
1127 913 1377 959 accederem,

183 990 429 1042 ubicumque
462 1003 584 1036 esses,
617 991 670 1030 ad
701 996 745 1029 te
777 994 1062 1042 percurrissem
1095 997 1138 1030 et
1169 991 1245 1030 hoc
1277 1004 1302 1030 a
1332 997 1377 1030 te

182 1081 374 1120 praesens
393 1069 692 1108 contendissem
713 1075 838 1120 atque
858 1072 967 1108 omni
985 1072 1023 1109 vi
1042 1075 1086 1109 te
1106 1072 1376 1109 retinuissem.

142 1156 165 1188 5
182 1148 320 1186 Etiam
351 1153 476 1200 atque
509 1151 647 1194 etiam,
680 1147 833 1195 Cicero,
864 1151 1012 1200 cogita,
1043 1161 1096 1187 ne
1126 1154 1170 1187 te
1201 1154 1375 1200 tuosque

181 1240 321 1266 omnes
341 1226 524 1265 funditus
544 1232 703 1265 evertas
720 1239 731 1272 ;
765 1240 817 1265 ne
837 1232 880 1265 te
900 1230 1028 1265 sciens
1046 1227 1306 1279 prudensque
1326 1240 1374 1266 eo

181 1305 389 1351 demittas,
407 1305 515 1344 unde
534 1307 691 1343 exitum
707 1305 819 1343 vides
836 1305 991 1343 nullum
1008 1317 1110 1344 esse.
1144 1305 1265 1353 Quod
1280 1308 1314 1344 si
1329 1310 1374 1344 te
1412 1335 1414 1338 >
1447 1306 1448 1339 ἒ

181 1389 254 1423 aut
277 1397 395 1423 voces
420 1386 678 1435 optimatium
702 1389 972 1430 commovent,
996 1389 1069 1422 aut
1093 1383 1374 1423 nonnullorum

180 1462 390 1502 hominum
408 1462 664 1501 insolentiam
685 1468 728 1500 et
747 1465 1008 1501 iactationem
1023 1461 1130 1501 ferre
1145 1475 1227 1501 non
1240 1467 1372 1513 potes,

181 1541 306 1592 eligas
327 1554 474 1579 censeo
496 1540 660 1592 aliquod
681 1541 875 1592 oppidum
895 1554 1066 1579 vacuum
1088 1554 1112 1578 a
1133 1539 1254 1587 bello,
1275 1541 1372 1579 dum

179 1620 281 1658 haec
307 1620 594 1664 decernuntur,
623 1632 728 1670 quae
755 1622 837 1656 iam
865 1624 985 1657 erunt
1010 1618 1209 1658 confecta.
1263 1619 1312 1658 Id
1339 1621 1371 1657 si

175 1697 334 1743 feceris,
373 1703 417 1736 et
461 1710 537 1748 ego
582 1702 626 1735 te
669 1699 875 1748 sapienter
917 1696 1061 1736 fecisse
1103 1697 1288 1736 iudicabo
1327 1701 1372 1736 et
1405 1710 1412 1713 ·

175 1776 391 1815 Caesarem
410 1789 489 1814 non
508 1774 700 1814 offendes.

188 2047 261 2084 178
