1448 2236
704 45 905 85 CICERO

209 151 297 189 Tibi
317 163 437 189 curae
456 149 579 188 fuisse
598 150 651 188 de
679 148 853 187 Sittiano
881 151 1061 200 negotio,
1079 148 1253 200 gaudeo.
1306 147 1400 193 Sed,

210 207 401 255 quoniam
431 206 642 254 suspicaris
670 205 802 241 minus
830 208 943 241 certa
970 202 1050 241 fide
1084 215 1166 248 eos,
1194 215 1293 253 quos
1326 202 1399 240 tibi
1444 205 1448 229 ἵ

212 261 316 304 misi,
337 256 460 304 usos,1
481 263 691 309 tamquam
709 262 957 308 procurator,
975 259 1031 295 sic
1048 269 1146 308 agas
1164 269 1275 307 rogo.

765 389 847 428 XII

591 488 750 514 CAELIUS
777 488 962 514 CICERONI
988 487 1021 514 S.

624 563 772 599 Romae.
788 573 895 596 A.u.c.
913 563 991 595 704.

175 645 190 677 1
263 639 396 679 Pudet
416 653 483 678 me
503 640 577 678 tibi
598 639 794 685 confiteri,
817 645 860 677 et
881 641 995 690 queri
1016 638 1068 676 de
1090 637 1211 688 Appi,
1231 636 1400 676 hominis
1445 647 1448 649 ·

211 696 484 744 ingratissimi,
522 696 686 739 iniuriis,
725 695 794 744 qui
833 706 899 730 me
938 692 1083 737 odisse,
1122 693 1218 742 quia
1254 702 1402 740 magna
1447 695 1448 698 ’

212 747 309 785 mihi
324 748 504 786 debebat
518 747 729 792 beneficia,
742 749 877 797 coepit
891 759 901 791 ;
934 751 991 791 et,
1005 758 1098 783 cum
1108 744 1229 782 homo
1246 756 1402 787 avarus,

211 806 259 839 ut
288 814 337 839 ea
365 801 553 846 solveret,
581 802 656 839 sibi
684 803 883 851 imperare
912 813 994 837 non
1020 804 1172 850 posset,
1201 796 1402 836 occultum

212 854 364 892 bellum
388 854 486 892 mihi
511 854 684 899 indixit3
725 857 783 892 ita
807 853 1009 891 occultum
1034 858 1188 897 tamen,
1213 856 1261 889 ut
1284 849 1401 888 multi

212 908 309 946 mihi
323 911 619 953 renuntiarent,
633 913 676 946 et
687 910 773 958 ipse
788 906 905 945 facile
921 906 1286 944 animadverterem
1297 903 1402 941 male

214 975 308 1000 eum
344 963 396 1000 de
434 975 500 1000 me
537 964 730 1012 cogitare.
784 961 1055 1011 Posteaquam
1094 972 1188 997 vero
1226 959 1402 1007 comperi

214 1029 308 1054 eum
333 1015 547 1066 collegium
572 1021 768 1060 tentasse,
787 1014 935 1052 deinde
958 1019 1101 1064 aperte
1123 1026 1216 1050 cum
1241 1012 1402 1062 quibus-

213 1070 308 1108 dam
340 1070 534 1115 locutum,
562 1083 653 1107 curn
683 1068 729 1106 L.
760 1068 954 1113 Domitio,
982 1073 1030 1105 ut
1061 1080 1166 1104 nunc
1201 1070 1278 1111 est,
1305 1063 1403 1102 mihi

213 1126 482 1161 inimicissimo
505 1123 682 1168 homine,
706 1122 943 1167 deliberare,
966 1120 1070 1159 velle
1092 1119 1167 1159 hoc
1190 1131 1402 1156 munuscu-

213 1177 297 1215 lum
322 1177 482 1215 deferre
510 1176 583 1215 Cn.
610 1176 815 1226 Pompeio,
841 1178 974 1225 ipsum
996 1180 1042 1212 ut
1063 1170 1337 1224 prenderem‚²
1359 1176 1403 1208 et

213 1231 266 1269 ab
289 1243 337 1269 eo
359 1231 599 1281 deprecarer
620 1232 818 1274 iniuriam,
841 1242 963 1280 quem
985 1230 1111 1266 vitam
1133 1226 1229 1264 mihi
1252 1225 1401 1264 debere

175 1289 195 1322 2
213 1290 414 1335 putaram,
431 1287 650 1334 impetrare
666 1297 691 1321 a
706 1296 772 1320 me
789 1296 868 1320 non
884 1284 1012 1332 potui.
1067 1280 1176 1328 Quid
1192 1292 1288 1330 ergo
1306 1284 1369 1317 est
1385 1278 1400 1316 ?

213 1339 367 1376 Tamen
380 1338 544 1389 quidem
556 1351 647 1376 cum
657 1340 740 1375 eius
750 1336 902 1387 aliquot
915 1337 1064 1380 amicis,
1073 1337 1142 1385 qui
1149 1339 1278 1372 testes
1286 1337 1402 1370 erant
1446 1378 1448 1382 Ι

214 1405 396 1430 meorum
421 1395 463 1429 in
488 1391 600 1429 illum
625 1393 874 1435 meritorum,
899 1389 1056 1427 locutus
1082 1401 1184 1426 sum.
1238 1386 1401 1424 Postea-

214 1459 337 1496 quam
361 1445 487 1491 sslum,
512 1458 565 1483 ne
594 1447 657 1483 cui
686 1443 939 1482 satisfaceret
959 1441 1124 1494 quidem
1148 1453 1214 1478 me
1234 1439 1400 1490 dignum

506 1513 520 1534 ¹
544 1513 673 1545 Klotz:
699 1510 769 1544 fide
787 1521 846 1543 eos
864 1510 929 1543 tibi
946 1511 1039 1543 visos
1061 1509 1113 1542 M.

249 1560 265 1581 ³
290 1558 427 1601 Tyrrell
443 1557 545 1590 reads
562 1554 820 1599 reprenderem‚
838 1553 860 1567 “
874 1557 908 1587 to
924 1555 1151 1586 remonstrate
1167 1551 1250 1585 with
1266 1549 1374 1584 him.”

230 1618 237 1620 ,
250 1617 269 1619 -
282 1617 295 1619 -
307 1604 1398 1619 ——ae———ff—

263 1637 278 1653 ·
300 1632 442 1665 Caelius
466 1641 619 1673 appears
641 1634 679 1663 to
702 1630 793 1663 have
820 1627 934 1661 asked
957 1627 1098 1670 Appius
1121 1627 1178 1658 for
1203 1636 1226 1658 a
1250 1624 1333 1657 loan
1359 1633 1400 1655 or
1440 1649 1448 1653 ..

221 1677 292 1719 gift
306 1676 348 1708 of
359 1686 458 1708 some
474 1685 605 1716 money
624 1675 659 1705 in
682 1676 803 1706 return
824 1673 881 1704 for
901 1671 1052 1704 services
1072 1669 1117 1702 he
1137 1667 1211 1702 had
1226 1665 1398 1700 rendered

223 1725 260 1752 to
286 1719 428 1761 Appius
454 1717 558 1750 when
581 1717 642 1749 the
665 1716 771 1748 latter
793 1724 866 1747 was
889 1712 1113 1756 prosecuted.
1163 1711 1236 1743 But
1257 1709 1399 1752 Appius

221 1762 378 1803 (Caelius
394 1761 506 1836 bein&
523 1771 546 1793 a
563 1758 799 1802 spendthrift)
817 1756 971 1794 refused,
993 1755 1065 1788 and
1084 1765 1124 1788 so
1144 1751 1400 1796 ungraciously

219 1816 259 1839 as
274 1809 312 1838 to
328 1806 464 1838 irritate
509 1802 621 1836 aelius
636 1800 820 1843 violently.
868 1798 1017 1842 Tyrrell.

264 1849 276 1868 ⁶
301 1847 353 1881 Of
366 1847 522 1889 Augurs,
537 1849 574 1879 to
590 1844 704 1877 which
721 1843 861 1877 Caelius
876 1841 1016 1884 aspired
1032 1844 1069 1874 to
1085 1840 1130 1874 be
1146 1837 1291 1873 elected.

266 1896 278 1912 ⁰
302 1890 369 1924 See
384 1894 466 1923 note
482 1893 519 1922 to
534 1892 551 1928 ἕ
566 1891 588 1921 2
605 1888 645 1921 of
656 1887 717 1921 the
731 1885 924 1930 preceding
939 1885 1051 1919 letter.

264 1934 279 1954 ‘²
305 1934 346 1966 L.
365 1934 458 1972 Piso,
474 1933 534 1966 the
549 1932 649 1965 other
663 1941 798 1964 censor.

223 1984 298 2025 160
