1448 2236
633 30 834 69 CICERO

136 145 381 184 assequere3
432 147 508 184 ego
544 136 651 172 enim
683 135 887 172 renovabo
920 134 1328 180 commendationem,

135 195 209 233 sed
226 200 424 246 tempore.
477 195 541 234 Sic
558 196 723 242 habeto,
741 210 821 235 non
839 197 914 235 tibi
930 199 1070 235 maiori
1089 209 1177 235 esse
1194 209 1328 242 curae,

136 262 183 294 ut
201 259 279 295 iste
298 263 392 295 tuus
411 271 436 295 a
454 271 521 295 me
540 258 736 296 discessus
756 272 879 310 quam
896 258 1235 297 fructuosissimus
1253 258 1328 296 tibi

135 321 201 364 sit,
232 332 354 370 quam
384 319 495 358 mihi.
550 320 710 371 Itaque,
741 321 902 372 quando
931 326 1091 359 vestrae
1121 323 1328 358 cautiones

134 381 318 419 infirmae
342 387 450 427 sunt,
475 382 715 420 Graeculam
739 383 814 421 tibi
837 385 927 421 misi
949 385 1180 421 cautionem
1203 382 1329 421 chiro—

135 443 278 494 graphi
307 446 402 482 mei.
454 444 516 482 Tu
546 457 612 482 me
642 444 763 483 velim
792 445 844 483 de
873 447 1031 483 ratione
1062 444 1205 483 Gallici
1233 443 1328 482 belli

135 508 350 543 certiorem
365 505 488 544 facias
507 519 517 551 ;
549 519 625 557 ego
644 509 752 544 enim
767 509 1024 558 ignavissimo
1040 509 1186 557 cuique
1202 508 1328 544 maxi-

96 572 117 604 2
135 581 244 605 mam
261 567 382 605 fidem
397 568 542 606 habeo.
596 568 689 614 Sed,
705 574 753 607 ut
768 569 820 606 ad
837 568 1026 619 epistolas
1042 574 1133 606 tuas
1149 569 1328 613 redeam,

137 635 274 667 cetera
291 629 411 675 belle,
430 630 529 668 illud
547 633 694 676 miror3
727 634 815 681 quis
841 630 945 669 solet
971 631 1115 669 eodem
1142 630 1328 681 exemplo

134 691 270 742 plures
299 692 410 737 dare,
441 695 509 743 qui
538 706 611 730 sua
639 706 762 730 manu
791 693 962 731 scribit?
1017 692 1122 730 Nam
1151 692 1260 744 quod
1287 694 1330 729 in

135 753 411 804 palimpsesto,
461 754 581 792 laudo
634 755 823 805 equidem
871 757 1170 806 parsimoniam.
1249 753 1330 792 Sed
1374 790 1377 794 ,

135 818 269 861 miror,
312 816 409 867 quid
449 818 491 854 in
532 816 599 854 illa
640 816 823 858 chartula
863 815 1000 863 fuerit,
1043 817 1151 868 quod
1192 815 1329 860 delere

135 877 337 923 malueris,
371 891 493 929 quarn
525 878 626 916 haec
658 892 740 916 non
771 879 959 924 scribere,
991 881 1066 916 nisi
1098 878 1205 917 forte
1237 883 1329 917 tuas

135 939 340 978 formulas.
394 940 486 978 Non
509 943 617 979 enim
639 946 740 991 puto
763 946 807 979 te
829 953 941 978 meas
965 940 1155 991 epistolas
1178 940 1329 986 delere,

136 1008 183 1040 ut
223 1015 394 1053 reponas
435 1008 540 1040 tuas.
594 1003 661 1042 An
701 1002 776 1041 hoc
817 1002 1030 1053 significas,
1071 1002 1169 1041 nihil
1209 1002 1328 1040 fieri?

135 1063 284 1115 frigere
320 1070 378 1110 te,
414 1078 467 1102 ne
502 1064 686 1103 chartam
722 1065 885 1116 quidem
923 1065 998 1102 tibi
1034 1064 1328 1115 suppeditare?

138 1127 225 1164 Iam
263 1129 342 1164 ista
380 1132 452 1164 tua
490 1127 608 1177 culpa
647 1132 723 1172 est,
763 1130 831 1178 qui
869 1127 1153 1165 verecundiam
1191 1132 1327 1164 tecum

97 1194 118 1226 3
138 1189 343 1234 extuleris,
376 1194 419 1226 et
449 1202 529 1226 non
560 1188 623 1227 hic
654 1189 862 1227 nobiscum
891 1188 1113 1239 reliqueris.
1166 1188 1254 1240 Ego
1284 1194 1329 1226 te

135 1251 275 1296 Balbo,
295 1264 387 1289 cum
407 1251 459 1289 ad
478 1264 547 1289 vos
569 1251 857 1302 proficiscetur,
876 1263 988 1288 more
1015 1250 1196 1288 Romano
1221 1263 1328 1288 com-

135 1313 350 1351 mendabo.
404 1313 479 1358 Tu,
509 1315 541 1350 si
570 1312 826 1350 intervallum
853 1312 1010 1363 longius
1041 1315 1118 1350 erit
1147 1325 1328 1350 mearum

134 1374 377 1420 litterarum,
402 1388 455 1412 ne
480 1377 532 1413 sis
558 1375 806 1420 admiratus3
848 1387 958 1412 eram
984 1377 1092 1412 enim
1115 1373 1327 1412 abfuturus

135 1450 276 1475 mense
296 1436 436 1487 Aprili.
492 1436 576 1475 Has
595 1436 753 1474 litteras
772 1439 909 1487 scripsi
928 1439 970 1474 in
989 1436 1217 1486 Pomptino,
1236 1449 1328 1474 cum

137 1498 190 1537 ad
209 1498 343 1536 villam
365 1499 425 1537 M.
447 1498 592 1536 Aemili
615 1498 858 1537 Philemonis
878 1498 1155 1544 devertissem,
1177 1511 1228 1536 ex
1247 1511 1329 1549 qua

179 1631 196 1647 ⁰
218 1625 303 1659 This
329 1626 505 1668 probably
521 1636 643 1658 means
658 1625 735 1658 that
762 1624 884 1658 Cicero
911 1625 982 1658 had
998 1628 1075 1658 sent
1101 1624 1287 1658 Trebatius
1303 1635 1326 1658 a

137 1670 273 1711 private
299 1668 399 1702 letter
425 1668 465 1701 of
489 1670 714 1701 instructions
741 1679 780 1701 as
807 1671 844 1701 to
871 1668 924 1701 his
952 1668 1145 1701 behaviour
1171 1667 1325 1701 towards

138 1712 279 1750 Caesar,
294 1712 366 1744 and
381 1712 470 1750 that,
485 1715 523 1744 to
538 1722 663 1744 ensure
678 1722 793 1744 secrec
820 1736 829 1749 ‚
846 1711 890 1744 he
905 1711 976 1743 had
992 1713 1128 1744 written
1144 1713 1171 1744 it
1186 1712 1221 1743 in
1237 1711 1324 1744 such

138 1755 256 1789 Greek
274 1766 313 1788 as
332 1756 375 1788 he
391 1754 496 1788 could
513 1754 715 1792 command,
734 1765 780 1786 an
824 1755 860 1786 in
878 1754 932 1787 his
950 1765 1028 1786 own
1047 1753 1154 1786 hand.

184 1799 197 1820 ⁶
222 1798 280 1832 On
293 1799 352 1831 the
365 1798 535 1840 principle
548 1798 624 1830 that
638 1797 658 1810 ‘⁶
676 1796 814 1830 lookers
827 1807 874 1829 on
886 1807 944 1829 see
957 1800 1048 1829 most
1061 1796 1100 1829 of
1109 1796 1168 1829 the
1180 1795 1323 1838 game.”

185 1846 198 1863 ⁰
222 1841 344 1875 Cicero
373 1841 496 1874 thinks
526 1841 712 1873 Trebatius
748 1843 808 1873 too
838 1839 980 1872 bashful
1018 1841 1053 1872 in
1084 1839 1240 1881 pushing
1269 1839 1324 1873 his

137 1883 307 1918 fortunes.
358 1888 380 1903 ‘⁸
395 1884 452 1918 He
468 1883 597 1919 should
615 1884 704 1917 have
721 1883 784 1916 left
801 1883 855 1916 his
872 1883 1020 1924 shyness
1036 1885 1074 1916 at
1091 1882 1231 1916 home-’³

138 1943 188 1983 56
