1448 2236
657 70 858 110 CICERO

161 175 292 215 adhuc
324 175 388 214 hic
420 177 556 214 omnia
587 178 749 227 integra
779 178 1054 215 sustinuimus.
1108 176 1229 225 Quod
1259 191 1352 217 con-

163 236 294 274 silium
325 241 522 281 nostrum,
554 238 644 281 etsi,
676 241 831 287 quanta
860 238 913 274 sit
943 237 1114 275 aviditas
1144 236 1351 275 hominum

159 309 242 333 non
265 297 351 332 sine
374 308 496 333 causa
518 294 722 345 capitalis1
745 297 936 333 victoriae
959 297 1054 341 scio,
1077 301 1218 334 tamen
1239 297 1350 335 vobis

159 354 320 405 probari
342 366 475 404 spero.
530 353 621 392 Non
644 356 766 398 enim,
787 356 820 392 si
842 354 940 405 quid
960 356 1002 392 in
1023 353 1085 392 his
1106 355 1351 393 exercitibus

159 415 213 451 sit
243 411 454 458 offensum,
484 426 634 463 magna
663 413 843 450 subsidia
870 413 1098 464 respublica
1126 413 1253 452 habet
1283 428 1351 452 ex-

159 472 315 523 pedita,
347 472 492 522 quibus
523 472 657 510 subito
687 474 846 522 impetu
877 485 923 509 ac
952 472 1161 510 latrocinio
1190 475 1351 523 parrici—

161 531 304 569 darum
327 533 503 568 resistat.
558 530 702 581 Copias
725 544 820 569 vero
843 536 1000 569 nostras
1023 536 1141 569 notas
1163 531 1239 569 tibi
1263 545 1350 570 esse

161 591 345 628 arbitror.
400 590 449 628 In
482 593 622 628 castris
655 593 756 628 meis
789 590 970 642 legiones
1003 596 1100 629 sunt
1132 596 1350 630 veteranae

160 654 259 695 tres,
290 651 467 687 tironum
499 649 564 687 vel
594 649 912 687 luculentissima
943 662 994 687 ex
1025 650 1210 688 omnibus
1241 662 1349 696 una;

159 712 201 747 in
220 712 360 747 castris
379 709 494 747 Bruti
515 722 596 746 una
614 714 810 747 veterana
828 709 948 759 legio,
968 708 1098 747 altera
1115 709 1239 754 bima,
1257 715 1349 749 octo

159 770 350 807 tironum.
405 768 471 806 Ita
506 771 714 806 universus
751 771 951 806 exercitus
987 781 1155 807 numero
1191 769 1350 820 amplis-

159 830 282 866 simus
317 833 394 870 est,
428 827 621 865 firmitate
656 830 840 878 exiguus.
894 827 1104 874 Quantum
1137 833 1276 866 autem
1307 830 1349 867 in

159 889 245 925 acie
269 889 390 925 tironi
414 889 467 925 sit
491 887 844 932 committendum,
868 889 1036 924 nimium
1060 900 1184 938 saepe
1209 900 1350 939 exper-

118 952 140 984 4
157 952 247 985 tum
266 946 477 984 habem'us.
531 946 598 984 Ad
617 946 691 984 hoc
710 947 832 984 robur
850 952 1079 985 nostrorum
1099 949 1350 985 exercituum

157 1008 241 1044 sive
279 1004 493 1043 Africanus
533 1008 749 1051 exercitus,
787 1008 856 1056 qui
897 1010 959 1044 est
996 1011 1228 1052 veteranus,
1266 1009 1350 1045 sive

158 1065 340 1103 Caesaris
379 1067 629 1109 accessisset,
669 1078 799 1116 aequo
838 1067 972 1103 animo
1010 1078 1210 1103 summam
1245 1078 1350 1104 rem-

156 1124 360 1175 publicam
411 1126 453 1162 in
503 1124 718 1162 discrimen
768 1124 1075 1162 deduceremus.
1127 1124 1350 1176 Aliquanto

158 1189 297 1222 autem
336 1186 499 1234 propius
542 1197 644 1228 esse,
687 1184 796 1234 quod
836 1184 888 1222 ad
928 1183 1144 1222 Caesarem
1184 1186 1350 1229 attinet,

157 1243 393 1281 videbamus
411 1254 422 1287 ;
454 1242 551 1280 nihil
569 1242 708 1280 destiti
729 1256 822 1280 eum
839 1242 985 1280 litteris
1004 1242 1154 1280 hortari
1173 1254 1184 1288 ;
1214 1255 1349 1294 neque

155 1302 223 1340 ille
249 1304 468 1340 intermisit
493 1301 706 1346 affirmare,
732 1315 776 1340 se
802 1304 888 1340 sine
913 1314 1026 1339 mora
1051 1303 1218 1347 venire;
1256 1315 1348 1340 cum

155 1363 320 1400 interim
353 1374 538 1399 aversum
569 1361 681 1398 illum
714 1361 766 1399 ab
798 1361 873 1399 hac
904 1362 1153 1412 cogitatione
1185 1360 1238 1399 ad
1269 1361 1348 1399 alia

155 1421 320 1460 consilia
352 1421 471 1459 video
505 1434 549 1459 se
583 1421 814 1459 contulisse.
867 1420 956 1471 Ego
989 1425 1131 1458 tamen
1166 1420 1218 1458 ad
1252 1433 1346 1459 eum

156 1480 349 1518 Furnium
377 1485 560 1518 nostrum
588 1493 680 1518 cum
707 1480 910 1518 mandatis
937 1479 1167 1530 litterisque
1189 1481 1292 1525 misi,
1315 1482 1347 1518 si

116 1545 138 1576 5
156 1539 254 1590 quid
272 1537 378 1577 forte
395 1539 590 1589 proficere
607 1544 759 1589 posset.
812 1538 895 1576 Scis
913 1544 975 1584 tu,
992 1540 1048 1575 mi
1067 1537 1221 1584 Cicero,
1239 1538 1347 1590 quod

157 1599 210 1637 ad
240 1598 421 1637 Caesaris
453 1612 631 1637 amorem
663 1601 828 1644 attinet,
858 1601 1098 1638 societatem
1127 1597 1227 1636 mihi
1258 1611 1346 1637 esse

154 1664 308 1703 tecum,
334 1657 399 1696 vel
424 1658 533 1709 quod
557 1659 599 1695 in
625 1656 900 1696 familiaritate
927 1657 1122 1703 Caesaris,
1147 1659 1238 1695 vivo
1263 1657 1346 1703 illo,

205 1752 218 1771 ²
241 1751 403 1794 capitalis
442 1752 622 1794 suyyested
666 1751 708 1794 by
746 1750 924 1784 Lehmann
967 1751 1040 1784 and
1083 1751 1262 1792 approved
1305 1751 1346 1793 by

162 1794 430 1828 Mendelssolm:
479 1795 559 1828 talis
588 1803 693 1827 usa:
734 1794 852 1827 fatalis
881 1794 1001 1827 Kock:
1043 1793 1186 1826 alterius
1214 1793 1347 1827 Nettle-

158 1839 258 1880 skip3
283 1838 342 1870 buc
357 1838 531 1880 capitalis,
548 1838 556 1851 ⁸
569 1837 740 1876 decisivo}
756 1837 825 1870 best
841 1837 931 1870 suits
947 1837 1002 1869 tha
1017 1839 1161 1869 conteaet.

560 1955 577 1972 ⁸
600 1951 667 1989 i.e.,
684 1949 700 1983 Ι
717 1949 788 1984 and
805 1949 945 1983 Brutus.

159 2004 238 2042 874
