1448 2236
685 70 886 110 CICERO

190 189 287 214 num
328 175 552 225 periculum
594 178 683 226 ipse
727 175 920 226 Lepidus,
961 189 1156 227 magnum
1197 189 1247 215 ea
1286 189 1378 227 pars

193 240 394 275 exercitus
432 238 576 283 adiret,
614 251 719 288 quae
759 238 867 276 bene
904 238 956 276 de
996 237 1206 289 republica
1241 241 1379 276 sentit.

192 299 390 350 Magnam
438 302 562 338 etiam
608 300 757 350 perditi
804 299 941 338 hostes
989 302 1258 338 accessionem
1304 300 1379 338 sibi

190 360 396 408 fecissent,
435 364 467 400 si
506 375 606 413 quas
644 364 778 413 copias
817 375 842 400 a
879 361 1036 413 Lepido
1075 363 1378 401 abstraxissent.

191 424 308 471 Quae
342 426 374 462 si
409 415 607 462 adventus
640 437 756 463 meus
789 427 1041 475 represserit,
1076 437 1195 476 agam
1227 427 1378 476 gratias

191 485 380 524 fortunae
414 489 750 538 constantiaeque
782 499 914 532 meae,
949 500 1055 538 quae
1089 486 1141 525 ad
1174 485 1277 525 hanc
1311 499 1379 524 ex-

151 553 172 585 4
189 551 433 599 perientiam
456 551 662 587 excitavit.
717 548 865 600 Itaque
883 562 920 587 a.
941 549 981 587 d.
999 560 1072 587 xn.
1094 548 1268 587 Kalend.
1288 548 1378 586 Iun.

191 611 243 649 ab
262 611 374 649 Isara
391 616 524 649 castra
540 613 647 649 movi
666 623 676 656 ;
707 616 877 662 pontem
896 617 1049 656 tamen,
1068 623 1190 661 quem
1207 613 1250 648 in
1269 610 1380 648 Isara

190 672 381 718 feceram,
411 673 585 711 castellis
617 673 773 711 duobus
805 673 858 711 ad
887 675 1022 723 capita
1051 674 1206 724 positis,
1236 671 1379 723 reliqui

189 735 470 786 praesidiaque
490 735 546 774 ibi
566 734 682 772 firma
699 737 830 786 posui,
850 740 897 774 ut
916 737 1096 773 venienti
1115 734 1242 773 Bruto
1264 747 1378 772 exer-

189 800 369 848 cituique
385 799 469 836 eius
483 799 570 835 sine
582 810 695 835 mora
708 799 901 836 transitus
917 802 1025 836 esset
1036 801 1216 847 paratus.
1271 795 1377 847 Ipse,

190 865 237 898 ut
267 872 399 910 spero,
431 859 573 897 diebus
605 864 711 905 octo,
743 859 888 910 quibus
919 858 992 897 has
1022 858 1181 898 litteras
1213 858 1376 904 dabam,

189 934 282 960 cum
301 919 446 973 Lepidi
464 923 587 973 copiis
604 933 671 959 me
689 923 945 974 coniungam.

732 1143 834 1184 XIX

627 1264 766 1290 CICERO
793 1263 941 1290 PLANCO

602 1358 750 1398 Romae,
766 1369 872 1392 A.u.c.
890 1361 969 1392 711.

155 1451 168 1485 1
241 1445 500 1497 Quamquam
533 1446 756 1496 gratiarum
790 1446 991 1482 actionem
1025 1456 1050 1482 a
1080 1448 1126 1482 te
1158 1457 1240 1482 non
1272 1442 1376 1482 desi-

189 1508 398 1552 derabam,
425 1520 518 1545 cum
545 1512 590 1545 te
616 1520 661 1545 re
689 1509 776 1557 ipsa
804 1512 928 1557 atque
957 1507 1090 1544 animo
1117 1508 1260 1544 scirem
1289 1517 1376 1543 esse

189 1572 476 1622 gratissimum,
493 1574 633 1607 tamen
650 1566 880 1619 (fatendum
897 1573 961 1606 est
978 1566 1101 1619 enim)
1119 1566 1197 1605 fuit
1214 1580 1264 1605 ea
1278 1565 1376 1604 mihi

188 1631 449 1683 periucunda.
502 1629 566 1668 Sic
584 1633 691 1668 enim
708 1630 803 1675 vidi,
820 1631 934 1681 quasi
952 1642 1014 1675 ea,
1031 1642 1136 1680 quae
1153 1628 1276 1667 oculis
1292 1641 1377 1666 cer-

189 1699 355 1739 nuntur,
369 1706 437 1731 me
452 1706 476 1730 a
489 1698 534 1731 te
549 1694 687 1730 amari.
741 1691 878 1737 Dices,
891 1691 989 1742 quid
1003 1696 1126 1729 antea
1141 1691 1157 1729 ?
1208 1689 1377 1740 Semper

189 1755 407 1806 equidem;
452 1754 525 1793 sed
554 1767 777 1805 numquam
806 1753 1012 1791 illustrius.
1066 1752 1249 1791 Litterae
1278 1757 1376 1790 tuae

187 1817 426 1855 mirabiliter
450 1821 593 1867 gratae
618 1814 783 1854 fuerunt
808 1817 982 1860 senatui,
1005 1827 1099 1852 cum
1122 1814 1242 1852 rebus
1266 1815 1376 1864 ipsis,

333 1965 348 1982 ⁰
373 1962 442 2000 i.e..
459 1960 480 1975 ‘⁴
497 1959 558 1994 did
575 1971 647 2003 you
663 1963 726 1994 not
741 1959 845 1994 think
863 1959 879 1993 I
896 1958 998 1993 loved
1014 1970 1087 2002 you
1102 1958 1222 1992 before
1235 1961 1250 1991 Ρ
1264 1957 1286 1973 ”

194 2017 272 2052 352
