1448 2236
686 82 888 121 CICERO
940 123 948 127 ,

190 188 237 222 ut
273 183 373 222 haec
401 184 720 234 φιλοσοφούμενα
745 185 974 230 scriberem,
1001 189 1049 222 tu
1075 197 1142 222 me
1169 183 1377 235 impulisti.

190 236 288 276 Post
317 238 498 276 Caesaris
527 238 704 276 reditum
735 238 832 289 quid
861 239 936 276 tibi
965 241 1105 276 maiori
1133 250 1255 276 curae
1283 237 1376 282 fuit,

190 304 313 342 quam
334 297 381 330 ut
403 304 533 330 essem
555 305 631 343 ego
651 291 707 329 illi
729 305 851 343 quam
870 291 1231 330 familiarissimus?
1267 291 1377 343 quod

150 351 171 382 6
190 344 393 383 effeceras.
438 345 641 393 Quorsum
658 348 782 397 igitur
801 346 902 384 haec
920 348 1048 384 oratio
1066 345 1235 397 longior,
1254 358 1376 396 quam

187 400 409 450 putaram?
460 399 566 447 Quia
589 413 679 437 sum
702 400 936 445 admiratus,
960 405 1018 445 te,
1042 402 1111 451 qui
1134 399 1236 437 haec
1257 411 1376 437 nosse

188 453 374 498 deberes,
410 453 630 504 quidquam
664 466 690 490 a
721 467 788 491 me
822 455 1091 498 commissum,
1125 452 1235 504 quod
1269 457 1377 490 esset

188 506 366 544 alienum
398 513 536 545 nostra
567 509 757 552 amicitia,
789 507 1018 545 credidisse.
1071 506 1182 549 ¹Nam
1213 511 1377 557 praeter

189 560 303 606 haec,
345 574 450 612 quae
491 563 814 606 commemoravi,
855 574 961 612 quae
1002 566 1156 599 testata
1196 565 1292 598 sunt
1333 564 1377 598 et

187 613 370 660 illustria,
406 614 537 652 habeo
573 614 702 652 multa
737 614 967 660 occultiora,
1002 627 1108 666 quae
1143 616 1210 652 vix
1244 613 1376 652 verbis

189 671 355 719 exsequi
395 682 572 719 possum.
638 668 786 707 Omnia
825 681 892 706 me
931 673 1004 706 tua
1043 667 1264 713 delectant,
1303 666 1377 705 sed

187 725 364 759 maxime
395 725 573 760 maxima
604 736 696 760 eum
729 722 827 760 fides
860 725 902 759 in
933 724 1123 768 amicitia,
1154 720 1375 766 consilium,

187 778 378 826 gravitas,
402 778 644 822 constantia,
668 781 758 814 tum
781 776 907 826 lepos,
932 775 1175 821 humanitas,
1198 775 1375 813 litterae.

148 835 169 869 7
189 829 448 880 Quapropter
489 830 613 868 redeo
655 843 761 867 nunc
803 829 857 867 ad
899 829 1132 880 querellam.
1200 829 1289 880 Ego
1331 834 1375 866 te

187 882 421 934 suffragium
449 883 588 921 tulisse
615 886 658 920 in
684 883 752 920 illa
777 883 869 934 lege
894 885 1069 933 primum
1093 896 1175 921 non
1195 881 1374 926 credidi3

186 937 349 982 deinde,
368 940 401 975 si
420 937 692 982 credidissem,
711 950 933 987 numquam
951 936 994 974 id
1011 939 1098 974 sine
1115 936 1250 987 aliqua
1268 938 1375 973 iusta

186 1003 308 1028 causa
330 993 604 1029 existimarem
625 996 669 1028 te
690 989 846 1028 fecisse.
894 990 1083 1042 Dignitas
1104 995 1178 1028 tua
1197 989 1310 1034 facit,
1327 994 1375 1027 ut
1439 984 1448 1034 «ἑ,

186 1044 547 1090 animadvertatur,
566 1044 762 1095 quidquid
778 1043 915 1089 facias,
934 1043 1218 1082 malevolentia
1233 1048 1373 1080 autem
1440 1038 1448 1074 1⁴

187 1097 408 1144 hominum,
432 1103 480 1136 ut
501 1098 693 1136 nonnulla
715 1098 866 1142 durius,
889 1111 1012 1149 quam
1034 1111 1060 1135 a
1081 1103 1125 1136 te
1147 1096 1258 1135 facta
1279 1099 1373 1141 sint,

185 1151 456 1202 proferantur.
499 1152 561 1189 Ea
578 1157 625 1190 tu
642 1154 675 1190 si
691 1165 773 1189 non
789 1152 917 1196 audis,
935 1151 1033 1202 quid
1049 1151 1194 1196 dicam,
1211 1153 1346 1188 nescio
1363 1162 1372 1195 ;

187 1206 390 1257 equidem,
418 1208 451 1243 si
478 1205 640 1257 quando
666 1205 800 1251 audio,
828 1211 915 1243 tam
941 1204 1131 1250 defendo,
1158 1217 1280 1256 quam
1306 1216 1374 1241 me

186 1262 267 1297 scio
280 1273 304 1297 a
317 1265 361 1298 te
373 1265 515 1297 contra
525 1262 683 1310 iniquos
696 1272 807 1297 meos
820 1258 949 1297 solere
962 1258 1139 1297 defendi.
1179 1256 1374 1296 Defensio

186 1319 327 1351 autem
356 1319 420 1351 est
447 1313 625 1364 duplex:
668 1312 746 1351 alia
773 1318 882 1358 sunt,
910 1325 1016 1363 quae
1043 1312 1194 1363 liquido
1222 1323 1373 1362 negare
1424 1353 1426 1355 ,

186 1367 351 1412 soleam,
366 1373 412 1405 ut
427 1367 479 1405 de
493 1370 571 1405 isto
585 1369 671 1417 ipso
686 1366 873 1418 suffragio
891 1378 901 1411 ;
929 1366 1021 1412 alia,
1035 1379 1140 1417 quae
1154 1364 1373 1404 defendam

241 1500 256 1515 ⁰
278 1495 353 1528 The
383 1495 603 1534 Academica,
635 1494 686 1528 De
713 1495 859 1538 finibus,
890 1493 961 1527 and
996 1494 1147 1537 perhaps
1179 1494 1240 1527 the
1273 1493 1370 1527 Tuae.

192 1538 297 1580 Disp.
346 1538 493 1580 Tyrrell.
807 1538 820 1558 θ
842 1537 911 1576 i.e.‚
926 1537 1020 1571 from
1036 1537 1147 1580 Spain
1162 1538 1199 1570 in
1214 1539 1270 1570 45.

235 1586 247 1602 ⁰
270 1581 383 1615 There
399 1583 427 1614 is
438 1591 535 1614 some
545 1580 659 1613 doubt
669 1591 708 1613 as
719 1583 756 1613 to
768 1580 863 1613 what
873 1581 940 1613 law
951 1582 980 1613 is
992 1584 1112 1614 meant
1125 1593 1134 1619 ς
1160 1582 1187 1614 it
1197 1591 1268 1614 was
1281 1583 1373 1614 most

214 1624 363 1666 robably
382 1624 460 1658 that
478 1623 592 1657 which
611 1634 702 1666 gave
722 1624 869 1665 Antony
888 1623 1006 1657 Gallia
1023 1623 1204 1666 Cisalpina
1221 1622 1293 1656 and
1312 1623 1372 1656 the

233 1667 428 1701 acedonian
444 1667 590 1710 legions,
602 1665 673 1699 and
735 1666 842 1708 rhaps
855 1669 934 1708 part
945 1667 986 1699 of
998 1665 1116 1700 Gallia
1126 1665 1370 1709 Transalpina,

188 1712 224 1743 in
241 1710 340 1752 place
355 1711 396 1743 of
416 1709 638 1747 Macedonia,
654 1720 687 1742 w
713 1708 769 1741 ich
785 1719 856 1742 was
871 1708 1083 1742 transferred
1102 1712 1139 1742 to
1157 1708 1210 1741 M.
1228 1709 1370 1747 Brutus,

190 1753 255 1786 but
277 1753 426 1786 without
446 1764 494 1786 an
516 1764 630 1795 army.
678 1752 763 1785 This
785 1751 853 1784 law
873 1762 964 1794 gave
985 1752 1187 1794 Antonyso
1206 1755 1330 1795 strong
1347 1762 1370 1785 a
1406 1770 1416 1796 ,-

190 1796 346 1839 military
367 1797 519 1838 position
541 1796 619 1829 that
645 1796 672 1828 it
698 1794 879 1838 provoked
906 1794 966 1828 the
988 1794 1090 1828 flerce
1110 1795 1311 1837 opposition
1332 1793 1374 1828 of

189 1840 250 1872 the
271 1838 609 1877 constitutionalists,
631 1838 710 1871 who
731 1837 903 1881 regarded
926 1838 1011 1871 with
1032 1839 1209 1880 suspicion
1231 1847 1370 1880 anyone

184 1883 263 1915 who
285 1881 477 1925 supported
499 1883 528 1915 it
549 1883 585 1914 in
607 1881 668 1914 the
691 1880 831 1914 Senate.
882 1880 1016 1914 Matius
1039 1884 1134 1914 must
1155 1881 1245 1914 have
1266 1878 1368 1914 vooed

187 1927 243 1958 for
260 1927 287 1959 it
310 1927 346 1958 in
364 1925 424 1958 the
439 1926 597 1958 interests
615 1925 656 1957 of
674 1923 787 1962 order,
802 1923 873 1957 and
898 1925 933 1956 in
954 1924 1015 1957 the
1034 1925 1305 1957 circumstances
1323 1922 1370 1956 he

189 1979 260 2001 was
275 1968 370 2010 right
386 1970 421 2000 in
436 1967 547 2010 doing
562 1978 612 2001 so.

189 2025 266 2057 500
