1448 2236
145 225 460 276 Peloponnesus,
512 226 663 265 nedum
718 226 878 264 Patrae.
931 225 1048 263 Nune
1099 230 1241 263 contra
1291 228 1335 261 et

143 285 290 324 vidisse
318 285 416 324 mihi
445 285 620 324 multum
649 286 808 332 videris,
836 299 929 323 cum
957 298 1083 336 prope
1111 285 1334 335 desperatis

143 343 204 382 his
227 345 348 383 rebus
372 351 416 383 te
439 347 482 382 in
506 346 718 384 Graeciam
742 345 961 391 contulisti,
986 350 1030 383 et
1051 344 1128 382 hoc
1151 349 1334 394 tempore

143 417 223 442 non
245 405 374 443 solum
396 408 569 456 sapiens,
591 408 660 457 qui
681 405 773 443 hinc
795 406 915 451 absis,
936 405 1008 443 sed
1030 407 1155 442 etiam
1176 404 1333 442 beatus.

143 463 402 515 Quamquam
421 467 523 515 quis,
541 468 610 516 qui
627 464 780 516 aliquid
797 467 941 515 sapiat,
959 477 1065 502 nunc
1084 476 1172 501 esse
1189 463 1333 500 beatus

103 528 124 559 2
141 525 312 574 potest?
366 524 461 570 Sed,
507 525 614 576 quod
657 530 718 570 tu,
762 527 825 562 cui
861 524 1032 569 licebat,
1075 523 1247 574 pedibus
1291 533 1333 559 es

142 589 396 630 consecutus,
415 589 462 622 ut
479 585 535 622 ibi
554 597 676 630 esses,

499 654 561 687 ubi
578 665 641 688 nec
659 653 968 696 Pelopidarum,—

144 721 266 772 (nosti
297 723 453 774 cetera)
490 736 562 760 nos
596 722 705 760 idem
732 721 1023 773 propemodum
1053 722 1334 771 consequimur

142 781 220 819 alia
257 785 427 820 ratione.
482 782 583 820 Cum
623 784 730 820 enim
768 782 1000 821 salutationi
1038 794 1110 819 nos
1148 780 1333 819 dedimus

142 844 375 888 amicorum,
412 855 517 893 quae
555 842 601 880 fit
636 841 710 880 hoc
749 844 873 879 etiam
908 841 1175 892 frequentiuS,
1211 852 1334 891 quam

142 901 313 946 solebat,
356 902 465 953 quod
507 904 619 953 quasi
663 915 780 940 avem
822 900 956 939 albam
997 900 1186 939 videntur
1226 899 1334 937 bene

142 962 390 999 sentientem
415 963 544 999 civem
569 960 720 1006 videre,
744 960 850 998 abdo
876 973 943 997 me
967 962 1009 996 in
1033 957 1332 997 bibliothecam.

143 1019 291 1071 Itaque
309 1033 433 1071 opera
451 1020 576 1058 efficio
594 1025 725 1065 tanta,
744 1025 898 1070 quanta
915 1018 1086 1057 fortasse
1104 1023 1152 1056 tu
1169 1019 1332 1055 senties.

145 1079 335 1118 Intellexi
363 1083 470 1118 enim
491 1093 542 1118 ex
569 1085 640 1118 tuo
668 1092 852 1118 sermone
880 1078 1070 1130 quodam,
1088 1091 1181 1116 cum
1199 1089 1333 1115 meam

142 1142 391 1178 maestitiam
421 1145 464 1178 et
492 1138 819 1190 desperationem
849 1151 1056 1176 accusares
1085 1137 1194 1176 domi
1222 1141 1334 1181 tuae,

103 1203 125 1235 3
143 1203 187 1236 te
220 1212 271 1237 ex
303 1201 404 1237 meis
435 1198 545 1237 libris
577 1201 757 1236 animum
789 1210 927 1235 meum
958 1197 1201 1235 desiderare.
1253 1194 1334 1233 Sed

144 1258 373 1296 mehercule
400 1264 443 1296 et
467 1263 557 1296 tum
580 1257 870 1308 rempublicam
894 1257 1099 1308 lugebam,
1124 1268 1229 1307 quae
1253 1268 1334 1292 non

144 1317 273 1356 solum
289 1320 370 1356 suis
390 1330 487 1369 erga
503 1330 584 1363 me,
603 1316 675 1355 sed
694 1319 816 1355 etiam
835 1318 935 1354 meis
955 1328 1052 1366 erga
1069 1328 1112 1353 se
1130 1313 1333 1353 beneficiis

145 1383 233 1415 erat
252 1377 349 1415 mihi
368 1380 451 1415 vita
470 1379 609 1422 carior,
631 1382 674 1415 et
691 1376 766 1414 hoc
786 1381 983 1426 tempore,
1003 1387 1249 1426 quamquam
1267 1386 1333 1411 me

144 1451 224 1475 non
256 1440 359 1476 ratio
391 1437 519 1476 solum
551 1436 793 1482 consolatur,
825 1448 930 1487 quae
961 1435 1178 1486 plurimum
1209 1434 1334 1473 debet

144 1497 292 1543 valere,
319 1498 391 1535 sed
420 1500 544 1535 etiam
571 1497 670 1542 dies,
698 1509 804 1547 quae
831 1495 965 1534 stultis
993 1507 1154 1546 quoque
1180 1493 1334 1532 mederi

146 1556 262 1602 solet,
278 1562 419 1594 tamen
433 1556 565 1601 doleo,
580 1559 639 1593 ita
657 1569 744 1593 rem
758 1567 1015 1593 communem
1031 1566 1119 1592 esse
1137 1553 1334 1604 dilapsam

145 1621 192 1653 ut
206 1629 258 1653 ne
273 1628 364 1666 spes
379 1615 558 1666 quidem,
573 1614 716 1653 melius
730 1614 946 1665 aliquando
957 1612 1058 1658 fore,
1070 1612 1334 1663 relinquatur.

146 1675 231 1713 Nec
264 1688 360 1713 vero
391 1688 498 1712 nunc
532 1674 697 1725 quidem
730 1673 848 1724 culpa
881 1675 923 1710 in
957 1685 1005 1711 eo
1039 1677 1116 1717 est,
1148 1674 1191 1709 in
1222 1674 1333 1709 cuius

642 63 843 102 CICERO

145 166 256 218 urbs)
277 169 411 217 aptius
432 166 676 205 humanitati
698 172 742 205 et
762 169 953 205 suavitati
973 171 1084 212 tuae,
1105 178 1228 217 quam
1246 169 1335 204 tota

1439 770 1448 830 i

1436 860 1448 925 i,

197 1769 212 1784 ⁰
237 1768 259 1782 ‘⁶
270 1764 436 1806 Nothing
451 1764 480 1797 is
495 1763 604 1796 heard
617 1763 638 1776 ''
652 1763 715 1795 has
728 1766 765 1795 to
781 1762 825 1795 be
836 1761 1012 1805 supplied.
1056 1761 1132 1794 The
1144 1759 1333 1802 Pelopidae

139 1808 238 1850 (here
261 1807 391 1840 Caesar
405 1805 477 1839 and
492 1806 546 1840 his
564 1805 744 1846 satellites)
767 1816 856 1838 were
878 1806 1058 1838 notorious
1082 1814 1122 1837 as
1147 1803 1333 1837 evil-doers

150 1852 184 1883 in
202 1850 320 1884 Greek
335 1849 496 1892 tragedy.
543 1849 619 1882 The
632 1848 698 1882 full
713 1848 782 1881 line
799 1849 828 1881 is
844 1847 976 1890 quoted
992 1849 1028 1880 in
1044 1848 1104 1881 vii.
1119 1849 1176 1880 30.
1197 1849 1227 1879 1.

196 1894 209 1914 ⁶
234 1893 445 1935 Something
475 1896 618 1933 strange
648 1891 720 1924 and
751 1902 839 1930 rare,
871 1890 943 1924 like
973 1890 997 1924 J
1000 1889 1156 1923 uvenal's
1188 1889 1208 1903 ‘⁴
1226 1888 1331 1923 black

149 1936 284 1970 swan.”

154 1994 175 2026 8
182 1994 204 2026 2
