1448 2236
670 73 871 113 CICERO

174 190 340 228 operam
369 182 499 222 tuam,
528 179 768 223 navitatem,
798 180 977 216 animum
1005 180 1047 216 in
1075 178 1364 229 rempublicam

174 242 375 280 celeritati
418 248 636 292 praeturae
681 243 1009 293 anteponendam
1051 255 1211 282 censeo.
1264 243 1366 282 Nolo

177 310 284 345 enim
307 312 352 345 te
377 309 579 358 ignorare,
604 313 800 358 quantam
827 307 991 346 laudem
1018 313 1257 346 consecutus
1286 310 1365 353 sis;

175 372 273 410 mihi
304 372 440 417 crede,
470 374 696 422 proximam
728 371 890 418 Planco,
921 372 1046 423 idque
1075 374 1199 423 ipsius
1230 371 1367 411 Planci

175 438 424 482 testimonio,
467 442 684 487 praeterea
726 435 836 474 fama
878 439 1130 488 scientiaque
1174 440 1366 476 omnium.

137 507 158 539 2
177 501 453 550 Quamobrem
473 503 506 539 si
527 501 625 552 quid
644 504 775 552 operis
795 502 871 540 tibi
893 504 1017 540 etiam
1037 515 1144 540 nunc
1162 508 1307 548 restat,
1325 502 1367 541 id

177 569 354 605 maximo
388 579 511 617 opere
544 579 690 604 censeo
722 566 1063 618 persequendum.
1117 566 1227 614 Quid
1259 569 1367 605 enim

177 632 399 676 honestius,
435 636 506 669 aut
541 631 639 682 quid
673 630 844 669 honesto
880 631 1244 682 anteponendum?
1297 630 1367 670 Sin

175 702 314 735 autem
351 694 604 734 satisfactum
640 695 885 746 reipublicae
920 701 1057 747 putas,
1092 695 1279 735 celeriter
1316 696 1368 735 ad

175 763 353 806 comitia,
394 760 556 812 quando
596 766 756 799 mature
796 760 935 798 futura
973 766 1083 806 sunt,
1122 761 1368 799 veniendum

175 839 335 871 censeo,
358 825 578 864 dummodo
601 838 654 863 ne
677 825 775 876 quid
798 825 898 863 haec
922 826 1137 864 ambitiosa
1159 824 1368 864 festinatio

174 893 389 929 imminuat
403 892 487 928 eius
502 889 669 941 gloriae,
682 903 804 940 quam
818 892 1024 928 consecuti
1038 903 1190 928 sumus.
1244 889 1368 928 Multi

174 956 381 994 clarissimi
395 956 484 1000 viri,
498 967 590 992 cum
604 954 850 1004 reipublicae
864 954 1011 993 darent
1025 967 1204 1005 operam,
1219 968 1369 993 annum

174 1022 384 1072 petitionis
403 1032 502 1057 suae
520 1033 601 1057 non
619 1019 820 1057 obierunt.
875 1018 996 1066 Quod
1014 1032 1063 1057 eo
1081 1018 1236 1058 facilius
1255 1020 1369 1058 nobis

177 1091 254 1131 est,
283 1084 393 1136 quod
421 1097 502 1122 non
532 1089 595 1122 est
624 1097 751 1121 annus
780 1083 844 1121 hic
873 1084 948 1122 tibi
977 1083 1220 1129 destinatus,
1247 1089 1309 1129 ut,
1337 1086 1370 1122 si

177 1149 316 1188 aedilis
333 1148 492 1193 fuisses,
510 1154 603 1198 post
619 1149 828 1186 biennium
843 1153 937 1186 tuus
955 1161 1082 1186 annus
1101 1153 1221 1187 esset.
1254 1147 1370 1186 Nunc

177 1214 275 1253 nihil
291 1215 623 1264 praetermittere
641 1213 831 1251 videbere
849 1215 989 1251 usitati
1009 1218 1051 1251 et
1068 1215 1182 1263 quasi
1198 1212 1370 1264 legitimi

177 1281 372 1329 temporis
399 1278 451 1316 ad
476 1278 715 1328 petendum.
770 1277 898 1315 Video
925 1283 1078 1322 autem,
1106 1276 1253 1315 Planco
1278 1291 1371 1316 con—

178 1344 278 1389 sule,
305 1345 382 1381 etsi
408 1344 533 1381 etiam
558 1344 644 1379 sine
671 1355 719 1380 eo
743 1344 920 1380 rationes
947 1341 1160 1392 expeditas
1184 1341 1371 1387 haberes,

177 1414 319 1447 tamen
341 1406 655 1458 splendidiorem
677 1408 922 1456 petitionem
943 1411 1072 1451 tuam,
1094 1407 1127 1443 si
1149 1406 1270 1444 modo
1292 1408 1371 1444 ista

138 1479 160 1511 3
180 1487 231 1511 ex
267 1473 475 1511 sententia
511 1469 698 1509 confecta
736 1476 884 1508 essent.
939 1469 1114 1508 Omnino
1150 1470 1268 1520 plura
1303 1484 1370 1508 me

179 1537 367 1582 scribere,
397 1548 490 1574 cum
520 1541 638 1574 tuum
667 1540 831 1573 tantum
860 1534 1069 1573 consilium
1098 1534 1371 1586 iudiciumque

179 1605 246 1647 sit,
260 1615 341 1640 non
354 1603 413 1639 ita
427 1612 593 1638 necesse
608 1600 833 1637 arbitrabar
846 1611 857 1644 ;
885 1598 959 1637 sed
971 1604 1112 1637 tamen
1124 1601 1370 1637 sententiam

231 1704 245 1720 ⁰
269 1701 374 1738 Here,
392 1698 462 1732 and
474 1699 549 1741 just
563 1697 675 1731 below
689 1698 727 1740 (⁶⁶
739 1699 766 1730 it
788 1699 816 1730 is
835 1699 945 1731 easier
958 1698 1015 1731 for
1031 1709 1073 1731 us
1089 1700 1151 1730 not
1167 1701 1205 1731 to
1222 1697 1269 1732 do
1283 1708 1324 1731 so
1335 1698 1372 1741 '’)

185 1743 308 1777 Cicero
326 1742 498 1776 identifies
514 1742 543 1774 F
544 1740 695 1774 urniu's’s
711 1742 870 1774 interests
885 1740 970 1773 with
985 1740 1038 1773 his
1054 1751 1143 1773 own.

1438 1652 1448 1752 ssan...r.
1445 1623 1448 1639 -
1440 1537 1448 1600 κωμ.
1441 1511 1448 1526 22.
1442 1457 1448 1487 ...Α

233 1786 247 1806 ⁶
269 1786 354 1820 Two
366 1796 467 1828 years
481 1784 551 1818 had
567 1788 604 1817 to
619 1784 736 1826 elapse
750 1783 907 1817 between
922 1783 1114 1826 aedileship
1129 1783 1201 1816 and
1217 1786 1372 1826 praetor-
1434 1815 1436 1818 ,

184 1829 274 1872 ship.
322 1829 472 1862 Furnius
488 1838 637 1870 appears
651 1830 689 1860 to
705 1826 794 1860 have
808 1826 910 1859 stood
926 1828 962 1860 in
976 1829 1022 1859 44
1036 1826 1092 1859 for
1106 1826 1166 1859 the
1180 1825 1372 1870 aedileship

185 1872 227 1906 of
244 1875 310 1910 43;
334 1871 405 1905 had
426 1872 470 1904 he
484 1871 573 1904 been
586 1869 728 1908 elected,
745 1869 789 1902 he
803 1868 907 1903 could
927 1872 989 1903 not
1010 1869 1100 1903 have
1113 1869 1215 1903 stood
1237 1869 1293 1902 for
1311 1869 1372 1902 the

186 1915 405 1958 praetorship
420 1914 474 1947 till
487 1916 543 1952 42,
560 1925 600 1947 or
615 1912 696 1946 held
711 1914 738 1946 it
752 1911 805 1945 till
819 1914 874 1945 41.

236 1963 248 1979 ⁶
270 1959 346 1992 The
357 1958 470 2000 year's
481 1958 691 1999 canvassing
702 1966 773 1990 was
786 1966 808 1989 a
819 1958 946 1989 matter
957 1954 997 1989 of
1005 1957 1154 1994 custom,
1167 1957 1229 1989 not
1239 1955 1281 1989 of
1291 1954 1370 1989 law.

187 2014 265 2049 380
