1430 2242
579 46 780 85 CICERO

83 162 233 196 careas,
249 152 292 188 in
307 163 388 202 qua
404 150 502 189 nihil
517 153 584 196 sit,
601 151 711 202 quod
726 150 863 189 videre
878 152 1005 201 possis
1020 151 1106 188 sine
1122 147 1259 188 dolore

83 219 171 270 Ego
202 233 294 258 cum
325 223 424 259 meis
457 221 506 272 (si
538 220 759 272 quidquam
789 233 895 258 nunc
926 222 1162 271 cuiusquam
1193 217 1272 269 est)

84 292 208 328 etiam
233 293 275 327 in
298 293 399 329 meis
425 303 512 329 esse
537 290 673 329 malui.
728 290 844 339 Quae
869 289 1115 335 acciderunt,
1139 290 1273 328 omnia

42 365 63 396 4
82 360 165 398 dixi
189 359 339 398 futura.
394 360 496 398 Veni
520 360 700 406 domum,
725 374 806 399 non
831 373 910 412 quo
935 362 1090 411 optima
1113 358 1272 397 vivendi

83 431 263 469 condicio
298 437 433 476 esset3
482 431 554 469 sed
587 436 741 476 tamen,
769 433 802 469 si
837 436 944 469 esset
976 429 1111 482 aliqua
1142 429 1272 468 forma

81 500 340 552 reipublicae,
369 507 580 553 tamquam
609 504 650 539 in
678 504 810 552 patria
839 507 886 539 ut
916 514 1059 546 essem,
1087 502 1121 539 si
1149 499 1271 544 nulla,

81 576 293 623 tamquam
308 574 350 609 in
367 571 518 610 exsilio.
575 572 755 610 Mortem
771 571 871 611 mihi
886 585 956 610 cur
972 573 1272 615 consciscerem,

81 654 202 680 causa
227 641 337 679 nulla
362 644 447 680 visa
474 647 564 687 est;
604 655 674 680 cur
700 647 898 692 optarem,
923 641 1089 679 multae.
1142 639 1271 678 vetus

83 717 146 750 est
164 714 285 758 enim,
302 711 365 750 ubi
379 725 452 750 non
469 712 523 751 sis
539 711 754 764 quisueris,
770 724 843 751 non
860 725 939 750 esse
954 725 1019 750 cur
1033 710 1125 750 velis
1139 711 1270 749 vivere.

82 782 163 821 Sed
188 788 329 821 tamen
346 796 489 821 vacare
511 782 629 833 culpa
646 796 840 834 magnum
859 788 922 820 est
939 781 1140 827 solatium,
1156 793 1272 831 prae-

82 855 222 891 sertim
243 866 335 891 cum
357 853 531 891 habeam
553 853 653 892 duas
674 866 753 899 res,
775 854 920 904 quibus
942 865 1008 890 me
1031 857 1271 896 sustentem,

82 926 327 975 optimarum
354 926 503 962 artium
531 926 741 962 scientiam
771 929 815 961 et
842 925 1109 961 maximarum
1135 935 1271 960 rerum

82 994 264 1046 gloriam3
283 1007 453 1045 quarum
468 994 598 1032 aItera
612 994 710 1031 mihi
724 996 813 1032 vivo
827 1006 1050 1044 numquam
1065 994 1272 1043 eripietur,

42 1071 64 1103 5
82 1065 211 1103 altera
237 1078 289 1102 ne
316 1070 475 1103 mortuo
503 1065 680 1116 quidem.
735 1064 849 1102 Haec
874 1064 928 1102 ad
953 1069 998 1101 te
1023 1065 1160 1114 scripsi
1185 1075 1272 1100 ver-

82 1137 215 1174 bosius
246 1141 290 1174 et
318 1135 393 1174 tibi
421 1134 615 1173 molestus
643 1134 715 1181 fui,
745 1134 854 1186 quod
882 1140 925 1173 te
954 1147 1046 1172 cum
1074 1135 1154 1171 mei
1183 1138 1272 1171 tum

81 1205 326 1257 reipublicae
381 1208 547 1256 cognovi
603 1207 936 1243 amantissimum.
991 1203 1144 1242 Notum
1197 1203 1271 1241 tibi

82 1289 202 1315 omne
227 1290 365 1314 meum
390 1275 598 1314 consilium
624 1288 712 1314 esse
737 1274 857 1321 volui,
883 1280 930 1312 ut
953 1276 1128 1325 primum
1152 1275 1272 1311 scires

81 1360 148 1385 me
171 1359 395 1398 numquam
417 1346 588 1384 voluisse
611 1345 700 1396 plus
726 1358 972 1397 quemquam
994 1356 1126 1395 posse,
1150 1356 1272 1394 quam

82 1419 310 1456 universam
320 1416 612 1467 rempublicam
629 1428 639 1461 ;
665 1421 809 1466 postea
820 1420 961 1453 autem
973 1427 1095 1466 quam
1106 1413 1272 1451 alicuius

81 1487 200 1538 culpa
218 1492 382 1525 tantum
400 1486 555 1525 valeret
574 1499 691 1531 unus,
710 1491 758 1523 ut
777 1486 916 1524 obsisti
935 1498 1017 1523 non
1033 1488 1186 1535 posset,
1204 1495 1271 1521 me

81 1557 252 1596 voluisse
273 1569 445 1608 pacem3
481 1559 627 1595 amisso
651 1558 832 1594 exercitu
855 1560 898 1593 et
920 1568 968 1593 eo
990 1555 1107 1600 duce,
1128 1555 1171 1592 in
1192 1565 1272 1604 quo

82 1641 174 1679 spes
192 1627 328 1665 fuerat
347 1640 441 1672 uno,
459 1639 526 1664 me
545 1626 716 1664 voluisse
736 1628 860 1664 etiam
879 1624 1041 1676 reliquis
1060 1623 1244 1662 omnibus
1261 1634 1272 1668 ;

82 1704 299 1749 postquam
315 1710 396 1735 non
411 1699 628 1747 potuerim,
645 1695 742 1733 mihi
758 1697 834 1745 ipsi
851 1694 974 1733 finem
989 1693 1132 1732 fecisse
1149 1692 1244 1731 belli
1262 1705 1272 1737 ;

81 1782 188 1807 nunc
213 1773 372 1813 autem,
396 1769 430 1805 si
453 1767 553 1805 haec
577 1768 716 1804 civitas
743 1771 818 1811 est,
842 1767 971 1803 civem
996 1777 1084 1802 esse
1108 1775 1202 1808 me;
1239 1764 1273 1800 si
1324 1797 1330 1803 .

194 1934 210 1950 ⁶
234 1929 393 1971 Pompey
408 1942 417 1967 ς
448 1928 508 1962 the
525 1927 546 1942 “
562 1938 630 1961 one
647 1937 730 1960 man
746 1926 766 1940 ''
785 1928 814 1960 is
831 1925 871 1959 of
884 1936 1007 1959 course
1024 1925 1165 1958 Caesar.

93 1988 108 2021 l
118 1987 140 2021 8
