1448 2236
697 49 899 90 CICERO

201 165 313 190 mum
329 158 491 203 tempus
508 155 621 190 amisi
637 153 816 191 tuendae
832 153 972 192 salutis
986 152 1268 205 libertatisque
1283 167 1389 192 com-

163 211 184 244 3
202 208 347 244 munis.
400 205 481 244 Sed
500 206 600 244 haee
614 219 776 257 quoque
801 212 846 245 te
863 220 914 245 ex
937 206 1023 245 aliis
1037 207 1158 245 malo.
1209 207 1256 246 T.
1273 206 1390 245 Pina-

201 262 319 304 rium,
338 258 691 297 familiarissimum
709 273 860 306 meum,
879 266 996 299 tanto
1022 261 1098 298 tibi
1123 261 1258 299 studio
1283 274 1390 299 com—

200 314 363 359 mendo,
397 318 445 351 ut
478 316 629 351 maiore
663 327 744 352 non
777 317 952 364 possim3
1001 317 1066 352 cui
1098 327 1191 352 cum
1223 320 1390 365 propter

202 379 341 405 omnes
360 369 544 412 virtutes,
563 372 652 405 tum
671 370 796 405 etiam
813 373 980 418 propter
997 367 1132 405 studia
1149 370 1388 412 communia,

201 433 290 458 sum
321 423 595 458 amicissimus.
649 420 688 459 Is
718 427 907 472 procurat
935 423 1112 459 rationes
1143 424 1388 472 negotiaque

201 473 371 524 Dionysi
402 477 541 519 nostri,
573 487 695 525 quem
727 480 771 513 et
801 480 847 512 tu
877 474 1051 513 multum
1082 488 1206 520 amas,
1239 481 1282 513 et
1313 487 1389 526 ego

201 530 380 565 omnium
413 527 643 578 plurimum.
695 527 757 565 Ea
789 528 863 566 tibi
897 541 973 579 ego
1006 541 1087 566 non
1120 528 1250 566 debeo
1283 541 1389 566 com-

201 581 408 626 mendare,
437 581 509 619 sed
537 582 775 620 commendo
804 587 957 619 tamen.
1010 581 1148 619 Facies
1177 584 1314 632 igitur,
1342 587 1390 619 ut

202 647 253 672 ex
281 633 428 679 Pinari,
453 637 669 686 gratissimi
696 635 880 680 hominis,
906 635 1052 673 litteris
1078 641 1195 673 tuum
1222 640 1266 672 et
1292 647 1389 686 erga

200 687 313 726 illum
332 694 376 727 et
395 701 492 740 erga
511 688 752 741 Dionysium
770 689 949 727 studium
966 691 1268 740 perspiciamus.

725 857 865 897 XXVA

511 973 558 1000 M.
576 973 615 1000 Τ.
634 974 668 999 C.
687 973 719 999 S.
738 974 775 1000 P.
795 974 834 1000 D.
853 973 1080 999 CORNIFICIO

612 1065 759 1104 Romae,
777 1075 883 1098 Ans-c.
902 1067 980 1098 711.

161 1156 180 1188 1
252 1150 503 1188 Liberalibus
527 1150 685 1188 litteras
711 1153 848 1201 accepi
873 1155 978 1195 tuas,
1005 1163 1104 1201 quas
1129 1149 1227 1187 mihi
1252 1149 1387 1188 Corni-
1446 1127 1448 1150 ἶ

200 1203 310 1242 ficius
339 1204 466 1242 altero
493 1206 679 1242 vicesimo
706 1204 785 1249 die,
812 1209 859 1242 ut
884 1204 1060 1249 dicebat,
1085 1203 1275 1242 reddidit.
1326 1202 1387 1240 Eo

200 1258 265 1295 die
287 1271 367 1295 non
387 1257 466 1296 fuit
486 1263 664 1303 senatus,
686 1270 819 1308 neque
839 1263 1015 1307 postero.
1069 1256 1386 1307 Quinquatribus

199 1309 403 1362 frequenti
416 1317 561 1349 senatu
573 1325 735 1349 causam
745 1316 860 1349 tuam
873 1313 1039 1362 egi,non
1051 1313 1177 1348 invita
1189 1310 1386 1347 Minerva.

199 1364 364 1402 Etenim
399 1378 447 1403 eo
479 1368 566 1415 ipso
599 1365 664 1403 die
698 1370 862 1402 senatus
896 1365 1087 1409 decrevit,
1121 1369 1168 1401 ut
1201 1363 1387 1401 Minerva

199 1424 350 1463 nostra,
391 1424 525 1456 custos
567 1418 703 1463 Urbis,
745 1431 867 1469 quam
908 1418 1028 1456 turbo
1068 1417 1286 1462 deiecerat,
1326 1429 1387 1454 re-

199 1474 451 1509 stitueretur.
505 1471 635 1509 Pansa
667 1477 759 1509 tuas
791 1471 948 1509 litteras
980 1473 1178 1509 recitavit.
1232 1469 1387 1521 Magna

198 1531 363 1563 senatus
381 1525 618 1575 approbatio
634 1530 851 1562 consecuta
867 1530 930 1563 est
945 1537 1037 1562 cum
1052 1537 1208 1562 summo
1223 1523 1386 1575 gaudio,

249 1647 265 1662 ⁰
289 1642 411 1675 Cicero
434 1652 507 1674 was
529 1652 614 1683 very
637 1640 725 1674 fond
749 1641 789 1673 of
810 1641 993 1679 Pinarius;
1030 1640 1216 1674 elsewhere
1239 1639 1297 1682 (Q.
1322 1639 1384 1672 Fr.

202 1686 249 1718 iii.
272 1688 302 1718 1.
320 1685 379 1726 22)
392 1685 437 1718 he
454 1686 568 1718 writes
586 1683 626 1717 of
640 1684 715 1717 him
733 1683 754 1697 “
770 1685 799 1716 is
817 1684 924 1716 homo
941 1694 1015 1716 sem
1042 1694 1079 1716 er
1090 1694 1147 1716 me
1164 1681 1384 1721 delectavit‚”

202 1727 223 1742 ‘⁸
241 1728 257 1762 I
274 1728 364 1761 have
379 1727 512 1770 always
526 1726 639 1760 found
654 1727 733 1760 that
747 1737 831 1759 man
846 1694 1070 1768 delightful'fi

250 1771 264 1791 ¹³
289 1771 468 1812 Probably
484 1771 544 1803 the
559 1773 656 1803 tutor
671 1769 711 1803 of
723 1769 783 1803 the
798 1772 868 1802 two
884 1780 1007 1811 young
1023 1768 1173 1802 Ciceros.

248 1819 261 1835 ⁰
285 1815 353 1852 i.e.,
371 1825 417 1847 on
437 1814 563 1847 March
584 1814 676 1846 17th.

248 1856 263 1876 ‘²
287 1857 363 1890 The
395 1856 646 1898 Quinquatria,
675 1866 698 1888 a
728 1854 867 1888 festival
899 1855 936 1887 in
968 1855 1106 1888 honour
1139 1854 1179 1887 of
1210 1854 1383 1892 Minerva,

201 1901 400 1976 :usmerinff
413 1901 450 1932 in
464 1910 562 1933 some
576 1901 728 1942 respects
742 1901 779 1931 to
793 1909 857 1930 our
873 1898 997 1931 Easoer
1010 1897 1185 1940 holidays,
1199 1907 1290 1930 were
1302 1895 1383 1930 held

202 1953 249 1976 on
310 1953 370 1976 arc
414 1945 526 1976 19-23.

203 1994 281 2032 600

1429 1427 1448 2128 g

1428 2157 1448 2236 l
