1448 2236
672 64 874 104 CICERO

174 169 261 209 fere
275 169 457 222 quotidie
471 169 575 208 illius
589 169 820 209 familiares.
874 170 1065 210 Incidunt
1079 176 1219 210 autem
1231 173 1274 210 in
1287 184 1367 210 ser-

174 255 295 279 mone
318 243 428 279 vario
450 241 593 287 multa,
617 254 723 292 quae
745 240 931 288 fortasse,
954 241 1030 280 illis
1055 255 1148 280 cum
1171 241 1269 288 dixi,
1291 254 1368 281 nec

175 313 386 351 illitterata
402 325 478 350 nec
496 312 646 350 insulsa
663 325 752 350 esse
770 312 997 351 videantur.
1052 312 1166 351 Haec
1186 313 1239 351 ad
1255 312 1367 351 illum

174 397 266 422 cum
282 383 444 435 reliquis
462 385 560 422 actis
576 382 838 434 perferuntur
855 396 865 429 ;
895 386 955 422 ita
971 386 1080 422 enim
1096 386 1184 435 ipse
1198 383 1366 422 manda-

174 456 246 493 vit.
299 454 363 492 Sic
383 454 444 500 fit,
465 459 525 500 ut,
546 456 578 492 si
599 454 697 506 quid
716 459 932 505 praeterea
951 454 1004 493 de
1022 467 1090 493 me
1111 454 1265 501 audiat,
1284 468 1366 493 non

176 526 423 564 audiendum
450 530 584 576 putet.
649 525 924 573 Quamobrem
953 523 1142 563 Oenomao
1169 531 1242 565 tuo
1269 524 1367 564 nihil

135 603 156 634 5
174 602 280 642 utor,
295 598 371 635 etsi
386 598 555 647 posuisti
569 596 656 635 loco
670 609 807 635 versus
822 596 1032 635 Accianos.
1085 595 1167 635 Sed
1181 609 1287 648 quae
1303 601 1367 635 est

173 668 324 706 invidia
340 668 355 705 ?
389 673 460 706 aut
477 667 575 719 quid
590 667 688 705 mihi
705 681 812 706 nunc
827 667 998 706 invideri
1011 672 1152 718 potest
1167 667 1183 705 ἲ
1212 666 1365 706 Verum

174 738 238 777 fac
265 752 352 777 esse
379 741 526 777 omnia.
579 738 643 777 Sic
667 738 786 777 video
810 737 1058 790 philosophis
1081 738 1280 789 placuisse
1303 739 1365 784 iis,

175 812 244 861 qui
263 810 455 848 mihi·soli
475 809 666 847 videntur
685 811 766 847 vim
786 811 946 848 virtutis
974 813 1131 855 tenere,
1151 808 1250 847 nihil
1277 821 1365 847 esse
1424 808 1427 811 ’

173 883 367 932 sapientis
398 886 621 931 praestare,
651 882 727 918 nisi
756 880 945 931 culpam3
990 888 1071 931 qua
1099 879 1199 917 mihi
1226 879 1366 918 videor

174 952 389 1003 dupliciter
412 965 563 997 carere,
590 957 633 989 et
657 951 767 1002 quod
792 964 842 989 ea
865 953 1073 995 senserim,
1098 963 1204 1002 quae
1226 952 1364 988 rectis-

172 1025 274 1061 sima
306 1021 485 1069 fuerunt,
520 1028 564 1061 et
597 1024 705 1073 quia,
738 1035 831 1060 cum
864 1022 1044 1060 viderem
1075 1021 1250 1073 praesidi
1283 1034 1364 1059 non
1421 1006 1424 1010 ⁴

173 1096 270 1132 satis
298 1107 386 1132 esse
414 1093 467 1132 ad
493 1106 543 1131 ea
569 1093 805 1139 obtinenda,
831 1093 981 1131 viribus
1005 1092 1246 1131 certandum
1270 1104 1363 1130 cum

171 1165 460 1203 valentioribus
479 1178 561 1202 non
578 1166 770 1215 putarim.
823 1163 932 1215 Ergo
950 1165 993 1201 in
1011 1162 1137 1202 officio
1155 1164 1251 1202 boui
1268 1164 1363 1200 civis

172 1241 284 1274 certe
311 1249 393 1274 non
420 1248 510 1273 sum
535 1234 909 1285 reprehendendus.
962 1233 1179 1285 Reliquum
1207 1238 1283 1279 est,
1309 1245 1362 1271 ne

172 1307 270 1358 quid
288 1306 428 1352 stulte,
446 1319 500 1344 ne
519 1305 617 1357 quid
635 1311 794 1344 temere
812 1305 945 1343 dicam
964 1309 1038 1343 aut
1058 1304 1205 1342 faciam
1223 1309 1363 1343 contra

171 1382 391 1430 potentes:
435 1377 479 1415 id
509 1389 671 1428 quoque
701 1382 802 1427 puto
835 1389 922 1414 esse
953 1377 1161 1427 sapientis.
1214 1374 1363 1413 Cetera

171 1462 281 1494 vero,
297 1447 396 1499 quid
412 1450 583 1500 quisque
599 1460 666 1485 me
684 1447 832 1485 dixisse
849 1446 972 1492 dicat,
990 1451 1063 1485 aut
1078 1445 1280 1497 quomodo
1295 1444 1363 1483 ille

173 1521 343 1570 accipiat
360 1524 432 1557 aut
449 1532 530 1569 qua
546 1518 626 1556 fide
642 1531 803 1556 mecum
819 1519 958 1555 vivant
973 1518 1015 1562 ii,
1032 1519 1102 1568 qui
1118 1529 1186 1555 me
1203 1515 1362 1554 assidue

133 1595 155 1627 6
171 1590 310 1629 colunt
333 1595 376 1627 et
398 1589 627 1634 observant,
649 1594 859 1639 praestare
881 1602 962 1626 non
983 1600 1160 1638 possum.
1213 1586 1280 1625 Ita
1301 1585 1361 1631 fit,

173 1666 221 1700 ut
235 1666 279 1699 et
292 1660 546 1699 consiliorum
559 1661 810 1710 superiorum
825 1660 1070 1697 conscientia
1083 1663 1126 1696 et
1137 1658 1361 1708 praesentis
1379 1687 1382 1691 .

172 1733 366 1782 temporis
398 1730 677 1769 moderatione
709 1743 776 1767 me
808 1729 1002 1773 consoler,
1035 1733 1079 1767 et
1109 1728 1219 1766 illam
1250 1727 1361 1765 Accii

223 1871 239 1887 ⁰
261 1866 337 1900 The
364 1866 440 1899 title
468 1865 508 1899 of
532 1876 554 1898 a
581 1865 667 1908 play
693 1865 745 1907 by
772 1864 914 1903 Accius,
942 1874 1040 1897 some
1066 1863 1155 1897 lines
1182 1862 1223 1896 of
1245 1861 1359 1895 which

176 1909 389 1967 Paetushad
402 1908 534 1961 quoted
547 1909 597 1952 by
609 1919 688 1951 way
701 1908 741 1960 οξ
750 1909 932 1984 ννεινηὶηίε
953 1908 1046 1940 icero
1056 1907 1198 1958 against
1207 1906 1361 1946 exciting

175 1952 307 1986 Caesar
319 1964 336 1986 s
352 1953 510 1995 hostlllty
526 1952 576 1994 by
590 1954 758 1985 sarcastxc
771 1961 887 1984 remar
935 1975 944 1990 ‚
959 1951 1121 1984 however
1135 1952 1247 2002 witty.

182 2010 258 2044 242
