1448 2236
532 473 698 513 LIBER
725 472 914 513 NONUS

716 579 736 618 Ι

273 696 320 724 Μ.
345 696 386 725 Τ.
412 697 551 722 CICERO
578 697 611 724 S.
638 697 678 723 D.
706 696 752 724 M.
778 696 978 722 TERENTIO
1003 696 1181 722 VARRONI

547 780 695 818 Romae,
712 790 817 812 A.11.c.
835 781 901 813 ⁷08

96 866 113 898 1
183 858 247 896 Ex
269 860 316 895 iis
336 857 497 903 litteris,
518 871 618 908 quas
639 858 800 895 Atticus
822 870 846 894 a
865 862 910 895 te
929 870 1069 894 mlssas
1090 856 1189 894 mihi
1208 856 1324 907 legit,

135 912 232 963 quid
260 925 416 962 ageres,
444 917 487 949 et
514 912 582 949 ubi
611 924 734 956 esseS,
760 912 956 962 cognovi3
997 911 1159 961 quando
1186 916 1324 948 autem

135 972 179 1004 te
200 968 321 1003 visuri
344 979 536 1010 essemus,
557 965 655 1002 nihil
677 978 774 1002 sane
797 978 847 1002 ex
869 964 1012 1009 iisdem
1037 964 1187 1002 fitteris
1210 963 1340 1014 potui'

135 1021 339 1070 suspicari.
381 1019 429 1056 In
443 1032 558 1069 spem
572 1025 712 1056 tamen
725 1021 856 1064 venio,
872 1021 1194 1069 appropinquare
1207 1024 1325 1056 tuum

137 1074 373 1128 adventum,
407 1075 476 1123 qui
510 1073 608 1110 mihi
642 1075 798 1110 utinam
832 1072 974 1110 solatio
1007 1074 1060 1110 sit
1077 1073 1086 1110 l
1139 1071 1228 1109 Etsi
1261 1076 1326 1109 tot

137 1130 345 1178 tantisque
379 1128 500 1164 rebus
536 1140 740 1177 urgemur,
775 1126 927 1164 nullam
961 1131 1009 1163 ut
1043 1125 1326 1163 allevationem

138 1183 351 1232 quisquam
365 1194 445 1219 non
458 1180 716 1218 stultissimus
730 1193 892 1230 sperare
905 1179 1056 1217 debeat
1073 1192 1084 1224 ;
1101 1178 1175 1217 sed
1186 1184 1326 1217 tamen

139 1241 211 1273 aut
230 1241 276 1273 tu
294 1240 412 1285 potes
431 1247 498 1272 me
518 1240 590 1271 aut
609 1247 685 1285 ego
704 1239 748 1271 te
766 1233 938 1272 fortasse
958 1233 1093 1284 aliqua
1109 1246 1154 1270 re
1172 1235 1324 1270 iuvare.

98 1294 120 1326 2
139 1288 248 1326 Scito
273 1291 381 1326 enim
405 1301 486 1333 me,
509 1294 776 1338 posteaquam
799 1290 841 1325 in
867 1287 1022 1325 Urbem
1045 1289 1240 1331 venerim,
1263 1299 1326 1324 re-

140 1343 246 1380 disse
267 1355 359 1380 cum
379 1342 584 1380 veteribus
607 1343 756 1386 amicis,
777 1341 819 1379 id
841 1346 904 1379 est
924 1354 1016 1378 cum
1035 1340 1145 1378 libris
1166 1341 1326 1385 nostris,

140 1398 182 1433 in
196 1398 383 1447 gratiam.
436 1396 525 1433 Etsi
540 1409 621 1433 non
635 1395 780 1433 idcirco
797 1408 935 1433 eorum
951 1407 1066 1432 usum
1082 1394 1326 1439 dimiseram,

141 1450 250 1501 quod
270 1452 317 1487 iis
339 1462 630 1495 succenserem,
652 1449 725 1487 sed
746 1448 855 1499 quod
877 1461 1015 1486 eorum
1035 1461 1103 1486 me
1124 1447 1327 1498 suppude-

191 1547 207 1563 ⁰
231 1543 327 1576 Born
350 1546 388 1575 at
412 1543 523 1576 Reate
546 1544 582 1576 in
609 1546 671 1576 116
696 1554 761 1575 13.c.
809 1542 884 1575 Not
905 1542 990 1583 only
1012 1552 1085 1574 was
1106 1540 1222 1573 Varro
1243 1550 1327 1572 con-

144 1586 281 1620 sidered
298 1586 358 1618 the
375 1589 467 1618 most
483 1586 625 1619 learned
642 1585 682 1619 of
697 1586 837 1618 Roman
853 1585 1020 1623 scholars,
1037 1585 1104 1617 but
1118 1584 1164 1616 he
1179 1594 1252 1616 was
1267 1583 1327 1616 the

144 1633 238 1663 most
265 1629 490 1662 voluminous
519 1629 559 1661 of
588 1630 728 1662 Roman
757 1629 914 1662 authors.
963 1628 1005 1661 In
1035 1630 1077 1661 67
1108 1626 1240 1668 during
1267 1626 1328 1659 the

146 1672 370 1706 Mithridatio
388 1671 461 1704 and
483 1671 599 1705 Pirate
619 1683 709 1705 wars
730 1672 774 1704 he
794 1671 876 1704 held
897 1671 983 1713 high
1003 1669 1195 1703 command
1215 1668 1328 1702 under

146 1716 318 1757 Pompey,
327 1715 407 1748 who
422 1715 599 1747 bestowed
615 1726 712 1756 upon
727 1715 802 1747 him
817 1725 839 1747 a
849 1715 870 1728 “
882 1713 987 1747 naval
1001 1712 1157 1746 crown.”
1203 1712 1255 1745 At
1268 1712 1329 1744 the

145 1758 322 1792 outbreak
347 1758 388 1791 of
408 1758 469 1791 the
493 1757 584 1790 Civil
608 1758 693 1790 War
718 1758 763 1790 he
787 1756 1023 1790 commanded
1047 1756 1108 1788 the
1133 1755 1328 1796 Pompeian

145 1802 259 1835 forces
272 1803 308 1834 in
319 1801 469 1834 Further
482 1800 606 1843 Spain,
618 1800 690 1833 and
703 1800 834 1842 during
846 1801 906 1832 the
917 1799 1125 1832 Thessalian
1136 1799 1328 1840 campaign

147 1845 192 1878 he
214 1855 286 1877 was
301 1845 385 1877 with
408 1843 531 1877 Cicero
552 1847 590 1877 at
612 1844 898 1885 Dyrrhachiumz
933 1842 1000 1875 but
1020 1841 1157 1883 though
1180 1841 1226 1874 he
1246 1850 1329 1882 sup-

146 1887 272 1930 ported
303 1888 364 1920 the
397 1887 591 1929 Pompeian
622 1889 728 1929 party
761 1886 816 1925 he,
849 1885 922 1918 like
953 1895 1063 1927 many
1095 1884 1224 1922 others,
1256 1893 1329 1916 was

146 1930 330 1973 pardoned
346 1930 396 1972 by
412 1929 555 1969 Caesar,
571 1930 651 1963 who
666 1940 754 1964 even
769 1928 965 1971 compelled
982 1928 1130 1971 Antony
1145 1930 1183 1960 to
1199 1929 1329 1960 restore

155 1986 230 2019 184
