1448 2236
679 27 880 67 CICERO

186 133 288 174 erat,
304 133 441 167 tecum
456 129 497 167 id
513 131 570 167 oti
587 135 748 180 tempus
763 143 999 169 consumere
1016 143 1027 177 ;
1055 131 1179 183 idque
1194 146 1276 171 non
1290 146 1368 171 me-

185 181 373 220 diocriter
391 182 590 228 desidero,
613 189 660 221 ut
682 197 763 222 non
785 184 905 222 modo
927 184 1025 224 mihi
1047 185 1153 224 solus
1176 198 1279 232 esse,
1301 187 1372 225 sed

185 234 353 281 Romae,
375 241 419 273 te
441 235 638 286 profecto,
661 236 834 275 solitudo
857 238 1042 276 videatur
1063 238 1200 285 facta;
1238 245 1282 278 et
1304 243 1372 291 qui

185 288 308 339 (quae
330 302 423 327 mea
444 289 706 340 neglegentia
728 291 807 342 est)
826 290 975 330 multos
993 305 1116 343 saepe
1135 293 1221 331 dies
1239 293 1293 332 ad
1314 299 1372 339 te,

185 355 277 380 cum
296 341 360 380 hic
381 355 483 388 eras,
498 356 581 381 non
600 344 857 390 accedebam,
870 358 978 384 nunc
992 346 1174 396 quotidie
1187 359 1269 384 non
1284 359 1372 386 esse

184 400 241 440 te,
264 396 317 434 ad
339 409 462 446 quem
483 399 688 443 cursitem,
710 398 935 437 discrucior.
991 398 1173 438 Maxime
1195 413 1304 445 vero,
1325 406 1372 438 ut

184 454 227 487 te
247 449 333 487 dies
353 455 575 501 noctesque
595 464 802 501 quaeram,
821 455 1063 502 competitor
1082 452 1224 491 Hirrus
1243 459 1371 492 curat.

184 501 396 550 Quomodo
415 503 528 542 illum
546 510 666 554 putas
686 510 907 555 auguratus
926 511 1045 543 tuum
1062 509 1372 557 competitorem

184 556 320 594 dolere
347 563 390 595 et
416 557 665 596 dissimulare
690 571 757 596 me
782 561 996 597 certiorem
1021 572 1144 610 quam
1169 573 1213 598 se
1238 561 1372 599 candi-

183 610 326 647 datum
343 610 358 648 ?
395 610 448 648 de
485 624 578 661 quo,
614 617 676 658 ut,
713 624 835 663 quem
871 618 1002 662 optas,
1039 626 1162 663 quam
1196 615 1370 663 primum

183 665 371 701 nuntium
389 667 573 715 accipias,
592 670 664 702 tua
682 665 838 703 medius
858 665 974 704 fidius
992 669 1120 717 magis
1139 679 1261 718 quam
1278 680 1370 705 mea

183 730 303 754 causa
325 719 455 767 cupio.
509 718 627 764 Nam,
650 721 682 756 si
705 718 771 764 fio,
792 717 960 757 forsitan
989 733 1081 757 cum
1108 719 1368 771 locupletiore

184 770 309 808 fiam.¹
361 770 442 809 Sed
463 770 538 809 hoc
561 785 689 823 usque
713 785 761 810 eo
783 785 906 811 suave
929 778 1006 818 est,
1028 779 1088 819 ut,
1110 775 1143 811 si
1164 773 1368 819 acciderit,

182 829 271 862 tota
295 826 379 862 vita
403 827 503 863 risus
529 825 642 863 nobis
667 825 809 863 deesse
834 839 915 864 non
938 829 1077 876 possit.
1130 827 1207 865 Est
1229 827 1367 866 tanti?

183 883 246 916 est
277 877 520 916 mehercule.
580 878 672 917 Non
707 879 882 917 multum
920 879 980 918 M.
1018 879 1211 919 Octavius
1246 879 1370 925 odia,²

182 944 287 981 quae
304 931 470 969 Hirrum
484 938 689 982 premunt,
706 946 811 984 quae
826 933 1030 983 permulta
1045 939 1153 979 sunt,
1170 933 1367 972 sublevat.

143 989 163 1021 2
182 985 302 1032 Quod
328 986 381 1024 ad
410 985 613 1023 Philotimi
639 985 774 1024 liberti
801 987 973 1024 officium
1001 993 1045 1025 et
1071 987 1177 1025 bona
1206 987 1367 1025 Milonis

181 1041 346 1084 attinet,
381 1039 565 1077 dedimus
601 1053 779 1090 operam,
815 1046 861 1078 ut
897 1046 940 1078 et
975 1039 1211 1078 Philotimus
1246 1053 1367 1091 quam

182 1091 462 1130 honestissime
479 1093 622 1131 Miloni
641 1094 802 1131 absenti
821 1096 987 1144 eiusque
1002 1096 1234 1132 necessariis
1253 1096 1367 1131 satis-

181 1144 348 1191 faceret,
383 1152 426 1184 et
463 1146 684 1185 secundum
730 1149 814 1184 eius
859 1147 980 1185 fidem
1022 1153 1065 1185 et
1108 1146 1367 1186 sedulitatem

182 1202 427 1240 existimatio
446 1205 518 1237 tua
536 1206 851 1238 conservaretur.
906 1200 1012 1238 Illud
1027 1213 1135 1238 nunc
1152 1214 1178 1238 a
1195 1206 1239 1238 te
1255 1206 1367 1251 peto,

181 1256 213 1290 si
239 1256 315 1291 eris
340 1253 404 1304 (ut
428 1253 561 1304 spero)
587 1256 751 1299 otiosus,
774 1253 936 1304 aliquod
960 1254 1014 1292 ad
1034 1267 1120 1299 nos,
1143 1259 1190 1292 ut
1211 1253 1368 1292 intelle·

230 1335 243 1354 ¹
266 1346 350 1368 nam
376 1360 384 1368 .
411 1360 419 1368 .
446 1359 455 1368 .
479 1335 563 1367 fiam
593 1336 625 1369 εἱς
651 1335 879 1378 Wesenbery’s
907 1335 1132 1378 satisfactory
1157 1336 1306 1377 readinq
1327 1335 1370 1378 of

186 1390 208 1411 a
223 1382 367 1420 corrupt
380 1389 540 1420 passaqe.

233 1420 247 1440 ¹
268 1432 391 1454 eorum
410 1422 492 1454 odia
513 1430 589 1455 MSS.
602 1433 618 1462 ,·
643 1421 702 1455 but
721 1421 745 1455 Ι
758 1432 858 1464 ayree
877 1421 960 1455 with
979 1421 1121 1455 Ernesti
1145 1421 1184 1454 in
1202 1421 1367 1463 omittinq

184 1474 319 1497 eorum.

231 1560 247 1576 ⁰
271 1556 327 1588 He
339 1567 460 1589 means
473 1556 662 1594 Octavius3
680 1557 752 1590 and
768 1567 790 1589 a
805 1556 919 1589 richer
933 1555 1116 1598 colleague
1127 1555 1245 1589 would
1262 1565 1366 1588 mean

190 1599 269 1632 that
283 1599 424 1632 Caelius
445 1599 563 1632 would
584 1600 673 1632 have
693 1603 731 1632 to
747 1599 861 1641 spend
882 1609 980 1632 more
998 1609 1129 1641 money
1149 1598 1186 1632 in
1202 1598 1368 1640 rivalling

190 1643 270 1676 that
284 1641 498 1684 colleague's
515 1641 746 1684 magnificent
761 1643 887 1675 shows.
932 1641 1082 1684 Tyrrell.

231 1685 244 1706 ¹²
270 1685 390 1718 Milo's
415 1688 584 1728 property
610 1685 719 1727 being
744 1685 862 1718 forfeit
888 1688 926 1717 to
952 1685 1012 1718 the
1039 1687 1140 1722 state,
1167 1682 1302 1722 Cicero,
1328 1686 1366 1716 at

184 1728 245 1762 the
272 1729 431 1762 instance
457 1728 497 1761 of
521 1738 590 1761 one
616 1728 727 1766 Duro,
755 1738 778 1760 a
805 1727 997 1770 particular
1023 1726 1138 1760 friend
1166 1725 1207 1759 of
1233 1726 1364 1764 Msso's,

185 1771 256 1804 had
266 1771 419 1804 induced
431 1771 651 1809 Philotimus,
662 1781 684 1803 a
694 1770 877 1803 freedman
889 1770 929 1803 of
937 1769 1088 1803 Cicero’s
1100 1768 1180 1802 wife
1189 1769 1365 1807 Terentia,

185 1818 222 1847 to
243 1814 289 1847 be
319 1825 386 1848 one
415 1813 455 1847 of
480 1814 541 1847 the
569 1814 699 1856 buyers
722 1813 893 1856 (sectores)
916 1812 957 1846 of
981 1812 1042 1845 the
1057 1811 1177 1845 forfeit
1197 1815 1366 1855 property

185 1857 287 1890 when
299 1857 376 1891 sold
387 1857 438 1900 by
448 1857 509 1890 the
524 1856 634 1896 State,
646 1867 686 1890 as
699 1856 808 1899 being
820 1866 917 1889 more
931 1854 1042 1898 likely
1054 1855 1141 1888 than
1156 1865 1178 1888 a
1192 1854 1366 1897 complete

183 1904 345 1942 stranger
359 1904 397 1934 to
412 1900 492 1934 deal
507 1900 613 1943 fairly
628 1900 712 1933 with
731 1899 832 1933 Milo.

193 1956 265 1990 108
