1448 2236
708 87 912 128 CICERO

216 192 341 241 recipi
355 190 581 230 Antonium
598 203 609 237 3
638 192 748 243 quod
763 195 841 231 erit
854 195 1018 239 certius,
1032 194 1065 232 si
1079 198 1127 233 tu
1142 192 1195 232 ad
1209 206 1281 232 nos
1295 192 1405 232 idem

218 247 421 295 scripseris
439 257 449 290 ;
482 245 557 284 sed
573 248 706 284 minus
726 246 851 285 audes
870 245 1042 285 fortasse
1058 252 1227 298 propter
1242 249 1405 285 inanem

216 298 417 336 laetitiam
437 298 667 338 litterarum
687 303 951 351 superiorum.
1003 300 1169 346 Verum,
1190 306 1238 339 ut
1258 313 1405 346 errare,

216 355 273 389 mi
289 351 450 398 Plance,
462 355 631 403 potuisti
644 353 750 404 (quis
763 356 871 392 enim
883 354 926 392 id
939 353 1127 405 effugerit
1143 354 1191 406 ?),
1203 356 1259 392 sic
1273 353 1405 404 decipi

216 411 261 444 te
286 419 367 444 non
389 409 582 457 potuisse,
595 410 684 458 quis
706 421 788 446 non
808 408 953 446 videt?
1021 407 1138 446 Nunc
1158 421 1254 447 vero
1278 410 1405 446 etiam

218 461 361 498 erroris
391 473 513 498 causa
542 460 702 499 sublata
733 466 809 499 est.
862 461 991 512 Culpa
1021 464 1129 500 enim
1158 461 1240 507 illa,
1269 459 1326 499 bis
1355 460 1406 498 ad

216 512 394 559 eumdem,
422 514 577 565 vulgari
604 514 852 565 reprehensa
877 515 1089 566 proverbio
1118 520 1194 554 est.
1245 513 1330 560 Sin,
1357 519 1405 552 ut

216 568 411 617 scripsisti
439 568 492 605 ad
517 568 729 619 collegam,
757 571 817 606 ita
843 581 887 607 se
914 581 979 607 res
1006 568 1146 614 habet,
1174 569 1283 607 omni
1309 580 1405 606 cura

215 619 377 658 liberati
402 634 568 666 sumus3
608 635 684 660 nec
709 627 849 660 tamen
875 624 1024 660 erimus
1047 624 1172 673 prius,
1198 634 1321 672 quam
1345 623 1405 659 ita

176 676 198 709 3
218 686 306 712 esse
325 679 372 712 tu
392 688 463 713 nos
483 673 627 713 feceris
646 678 851 714 certiores.
905 675 1006 714 Mea
1023 676 1203 726 quidem,
1221 680 1270 713 ut
1289 674 1342 712 ad
1359 679 1404 712 te

215 729 376 778 saepius
410 731 561 779 scripsi,
593 728 695 767 haec
727 732 933 768 sententia
966 734 1056 768 est:
1103 728 1184 777 Qui
1211 727 1403 779 'reliquias

216 780 333 819 huius
354 781 451 820 belli
471 785 731 833 oppresserit,
754 796 847 821 eum
868 785 994 821 totius
1015 782 1111 821 belli
1131 780 1403 821 confectorem

215 833 331 880 fore3
378 848 501 886 quem
533 841 577 874 te
610 842 654 874 et
685 842 782 886 opto
816 850 904 875 esse
937 841 981 875 et
1011 835 1169 874 confido
1201 834 1401 874 futurum.
1439 831 1448 874 ¹2

215 886 360 927 Studia
381 902 476 927 mea
499 902 597 940 erga
618 895 678 935 te,
701 891 846 940 quibus
869 895 982 928 certe
1005 889 1115 927 nulla
1139 902 1227 927 esse
1249 890 1403 926 maiora
1442 891 1448 916 ἕ

214 947 453 992 potuerunt,
469 943 545 981 tibi
563 949 649 981 tam
666 949 785 994 grata
804 956 891 982 esse
909 956 1033 994 quam
1051 956 1127 994 ego
1143 944 1284 993 putavi
1302 941 1402 987 fore,
1436 940 1448 952 ⁴

213 997 380 1034 minime
399 998 522 1035 miror
540 996 886 1048 vehementerque
905 997 1049 1036 laetor.
1101 995 1218 1043 Quae
1237 995 1402 1046 quidem
1435 1011 1436 1014 ¹

214 1053 276 1094 tu,
300 1051 333 1087 si
356 1055 470 1088 recte
493 1052 583 1088 istie
608 1053 699 1097 erit,
722 1053 876 1090 maiora
900 1056 943 1090 et
965 1052 1150 1102 graviora
1171 1061 1401 1101 cognosces.
1431 1058 1435 1066 “

215 1114 269 1140 1v.
291 1102 496 1143 Kalendas
513 1103 663 1142 Iunias.

758 1266 860 1305 XXI

618 1382 788 1408 PLANCUS
816 1382 1000 1408 CICERONI

497 1472 540 1506 In
556 1475 679 1506 castris
693 1472 741 1506 ad
758 1473 906 1511 Isaram,
923 1483 1029 1506 A.u.c.
1046 1474 1125 1506 711.

177 1572 193 1605 1
266 1565 445 1605 Puderet
486 1580 554 1605 me
596 1569 892 1605 inconstantiae
934 1578 1117 1604 mearum
1158 1564 1401 1609 litterarum,

215 1621 248 1658 si
260 1634 341 1658 non
353 1620 454 1658 haec
468 1633 519 1658 ex
532 1620 664 1670 aliena
674 1620 844 1659 levitate
855 1620 1098 1671 penderent.
1150 1617 1299 1658 Omnia
1309 1616 1401 1662 feci,

270 1753 286 1768 ⁰
307 1760 341 1782 x.
361 1751 413 1782 15.
433 1751 447 1781 1
468 1748 539 1781 and
554 1751 588 1782 52.

267 1791 281 1812 ⁶
306 1791 360 1825 Sc.
389 1792 410 1805 “
426 1791 604 1825 offendere
631 1790 787 1833 lapidem
815 1790 954 1833 turpe‚”
986 1790 1007 1804 “
1021 1791 1049 1823 it
1077 1788 1162 1823 does
1190 1799 1214 1821 a
1242 1799 1327 1821 man
1355 1798 1401 1821 no

217 1834 328 1868 credit
347 1838 385 1868 to
406 1835 488 1868 stub
509 1835 564 1868 his
585 1838 643 1868 toe
662 1835 763 1867 twice
783 1835 924 1876 against
944 1833 1005 1866 the
1025 1843 1123 1866 same
1143 1831 1280 1865 stone.”
1325 1831 1402 1864 The

218 1877 337 1911 Greek
354 1877 504 1920 original
528 1879 558 1911 is
584 1879 628 1911 δὶς
651 1879 727 1918 πρὸς
749 1879 803 1908 τὸν
830 1879 925 1908 αὑτὸν
949 1878 1083 1916 αἰσχρὸν
1107 1877 1276 1915 εἰσκρούειν
1299 1876 1400 1907 λίθον.

217 1921 282 1953 We
304 1931 366 1963 say
391 1920 412 1935 ‘⁶
428 1920 461 1953 A
487 1920 596 1954 burnt
621 1919 715 1953 child
736 1919 830 1953 fears
854 1919 915 1953 the
935 1918 999 1952 fire
1013 1918 1036 1933 ”
1062 1929 1102 1952 or
1128 1918 1149 1932 ‘⁴
1165 1917 1265 1951 Once
1289 1916 1402 1950 bitten

216 1965 316 1997 twice
332 1964 436 2006 shy.’‘

218 2015 295 2054 356
