1430 2242
600 48 800 88 CICERO

668 186 732 224 III

519 399 666 438 Romae,
682 411 788 434 Α.υ.ο.
806 403 883 435 708.

70 488 87 522 1
158 483 359 534 Persaepe
384 483 482 522 mihi
508 487 703 536 cogitanti
730 485 781 524 de
809 487 1084 526 communibus
1110 491 1290 536 miseriis,

106 550 148 586 in
181 549 325 599 quibus
358 554 423 586 tot
456 551 581 587 annos
614 562 832 596 versamur,
867 556 910 589 et
943 551 1007 603 (ut
1038 552 1171 605 video)
1205 567 1292 592 ver-

107 613 296 659 sabimur,
317 612 420 651 solet
440 616 482 651 in
502 619 685 652 mentem
704 617 841 653 venire
861 615 964 654 illius
984 619 1190 667 temporis,
1211 631 1291 669 quo

105 680 287 728 proxime
304 677 453 716 fuimus
471 691 551 716 una
569 690 578 724 3
611 681 708 730 quin
727 682 851 717 etiam
867 682 999 730 ipsum
1016 681 1124 719 diem
1140 694 1292 720 memo-

106 745 164 779 ria
192 747 327 781 teneo.
381 742 486 780 Nam
514 756 551 781 a.
581 743 621 781 d.
651 756 713 782 111.
744 744 839 782 Idus
870 744 1014 790 Maias,
1045 745 1219 784 Lentulo
1249 752 1292 785 et

107 806 301 844 Marcello
335 806 576 853 consulibus,
610 821 702 846 cum
735 810 778 845 in
811 808 1102 859 Pompeianum
1135 813 1292 861 vesperi

105 873 318 917 venissem,
334 859 340 864 ’
358 877 406 909 tu
446 871 544 910 mjhi
583 871 750 910 sollicito
790 874 924 911 animo
963 879 1126 924 praesto
1165 873 1291 914 fuisti.

106 934 327 974 Sollicitum
361 941 500 974 autem
535 941 579 974 te
613 935 793 974 habebat
827 940 1019 988 cogitatio
1054 943 1143 976 tum
1177 937 1292 985 offici,

105 1005 195 1038 tum
235 1003 360 1038 etiam
398 1000 564 1051 periculi
603 1003 697 1039 mei.
750 1000 792 1039 Si
830 1014 1038 1040 manerem
1076 1004 1119 1040 in
1160 1002 1291 1049 Italia,

104 1065 311 1110 verebare,
349 1077 401 1102 ne
438 1065 564 1103 officio
601 1065 814 1111 deessem;
865 1068 898 1103 si
933 1065 1204 1116 proficiscerer
1238 1067 1292 1106 ad

105 1129 269 1174 bellum,
285 1129 507 1179 periculum
523 1135 566 1167 te
583 1142 720 1167 meum
735 1131 1028 1169 commovebat.
1082 1130 1173 1179 Quo
1188 1136 1291 1170 tem-

105 1207 202 1244 pore
223 1194 356 1232 vidjsti
376 1193 558 1244 profecto
579 1207 645 1231 me
667 1207 827 1245 quoque
847 1196 906 1232 ita
926 1195 1225 1250 conturbatum,
1245 1201 1292 1234 ut

106 1271 186 1296 non
211 1257 467 1309 explicarem,
492 1257 590 1309 quid
614 1264 721 1296 esset
745 1261 943 1308 optimum
965 1258 1092 1297 factu.
1145 1259 1291 1298 Pudori

105 1328 246 1361 tamen
273 1322 395 1360 malui
424 1321 639 1374 famaeque
668 1323 827 1368 cedere,
856 1336 979 1374 quam
1006 1323 1146 1361 salutis
1174 1336 1291 1362 meae

66 1392 87 1424 2
105 1390 304 1425 rationem
323 1387 484 1425 ducere.
538 1386 659 1425 Cuius
678 1400 745 1425 me
764 1389 845 1425 mei
862 1386 958 1425 facti
977 1389 1192 1438 poenituit,
1211 1401 1292 1426 non

106 1457 192 1490 tam
220 1457 387 1502 propter
415 1451 638 1502 periculum
668 1465 818 1497 meum,
850 1465 971 1502 quam
999 1457 1166 1502 propter
1195 1454 1292 1490 vitia

105 1515 247 1562 multa,
260 1529 365 1567 quae
377 1516 432 1554 ibi
445 1515 606 1561 offendi,
620 1529 699 1567 quo
711 1529 915 1554 veneram.
969 1515 1147 1554 Primum
1158 1529 1291 1567 neque

105 1594 272 1632 magnas
289 1583 421 1631 copias
438 1593 571 1631 neque
587 1580 794 1619 bellicosas
812 1593 822 1625 ;
852 1580 999 1619 deinde
1016 1586 1132 1618 extra
1146 1579 1292 1620 ducem

105 1658 335 1696 paucosque
358 1650 572 1695 praeterea
596 1645 664 1696 (de
687 1645 931 1695 principibus
955 1644 1126 1696 loquor),
1148 1644 1291 1695 reliqui

104 1712 280 1760 primum
299 1712 342 1747 in
362 1711 449 1760 ipso
471 1708 576 1746 bello
596 1721 776 1759 rapaces,
799 1709 946 1747 deinde
967 1711 1010 1746 in
1031 1711 1212 1747 oratione
1232 1711 1291 1747 ita

416 303 463 330 M.
490 304 629 330 CICERO
656 305 687 332 S.
715 306 754 332 D.
782 306 828 333 M.
854 307 983 333 MAR10

1425 958 1430 1007 ἔ

1425 1029 1430 1052 1

155 1891 171 1907 ‘²
196 1887 237 1920 In
268 1889 312 1920 49
345 1898 409 1919 mc.
468 1886 591 1920 Cicero
615 1884 739 1929 join‘ed
769 1885 930 1928 Pompey
956 1889 995 1919 at
1024 1885 1289 1928 Dyrrhachium

109 1929 230 1963 before
245 1930 306 1963 the
322 1930 392 1962 end
409 1929 449 1962 of
461 1930 523 1963 the
538 1941 635 1973 year.

115 1988 163 2020 14
