1448 2236
695 59 896 98 CICERO

199 167 380 200 metuam
395 162 616 213 quidquam
631 168 672 200 et
686 163 837 201 cavebo
850 165 996 203 omnia.
1036 163 1117 202 Sed
1129 165 1235 210 vide,
1247 178 1300 203 ne
1311 169 1384 203 tua
1410 199 1413 200 γ

198 227 293 270 iam,
323 227 379 262 mi
409 224 549 270 Brute,
581 224 698 275 culpa
727 224 866 263 futura
896 228 962 272 sit,
992 228 1025 264 si
1057 239 1134 278 ego
1164 226 1384 278 quidquam

199 288 394 331 timeam3
430 288 510 324 tuis
533 289 640 324 enim
661 287 802 337 opibus
825 292 869 325 et
888 287 1098 326 consulatu
1119 293 1204 334 tuo,
1227 291 1383 326 etiamsi

199 348 330 386 timidi
351 361 542 394 essemus,
559 354 699 386 tamen
718 362 879 387 omnem
902 352 1089 388 timorem
1108 350 1355 388 abiceremus
1373 363 1382 395 ;

198 412 438 460 praesertim
468 423 559 448 cum
589 423 825 460 persuasum
855 412 1039 450 omnibus
1070 417 1178 450 esset
1206 411 1384 463 mihique

162 478 181 508 5
200 474 390 518 maxime,
417 485 442 509 a
467 477 511 510 te
537 485 609 510 nos
635 475 752 511 unice
778 472 902 524 diligi.
954 472 1134 511 Consiliis
1160 476 1254 519 tuis,
1280 486 1385 524 quae

200 535 336 572 scribis
352 534 404 572 de
420 539 614 585 quattuor
627 534 851 586 legionibus
867 535 1001 586 deque
1017 538 1122 587 agris
1138 535 1385 587 assignandis

202 596 252 634 ab
276 598 458 647 utrisque
480 601 673 641 vestrum,
696 596 961 635 vehementer
982 599 1192 635 assentior.
1241 597 1387 648 Itaque

200 670 293 695 cum
314 658 479 708 quidam
500 657 552 696 de
572 658 734 710 collegis
755 660 900 696 nostris
921 661 1119 710 agrariam
1139 661 1387 697 curationem

201 719 426 771 ligurirent,
453 719 674 758 disturbavi
698 733 786 758 rem
812 725 1024 771 totamque
1050 721 1161 759 vobis
1187 722 1389 773 integram

201 784 414 821 reservavi.
459 781 500 819 Si
519 782 617 833 quid
636 784 713 820 erit
731 781 923 820 occultius
944 788 999 828 et,
1018 788 1066 821 ut
1084 783 1234 828 scribis,
1251 795 1390 821 recon-

203 843 348 889 ditum,
374 856 556 881 meorum
582 843 758 895 aliquem
782 846 958 889 mittam,
985 857 1064 895 quo
1089 843 1245 882 fidelius
1269 844 1323 882 ad
1346 849 1390 882 te

203 905 366 944 litterae
382 905 653 956 perferantur.
706 905 839 943 Pridie
859 906 994 944 Nonas
1014 906 1162 944 Iunias.
1418 907 1425 908 ’

739 1054 860 1092 ΧΧΙΙ

472 1169 518 1195 Μ.
544 1170 581 1195 Τ.
610 1171 644 1195 C.
671 1169 703 1195 S.
730 1170 767 1195 P.
795 1170 835 1195 D.
862 1170 902 1195 D.
930 1170 1059 1195 BRUTO
1087 1169 1173 1195 IMP.

621 1263 768 1302 Romae,
784 1275 890 1297 Α.ῐ].ο.
907 1266 984 1297 711.

170 1350 186 1382 1
258 1341 361 1379 Cum
374 1341 507 1391 Appio
521 1340 701 1385 Claudio,
719 1339 764 1378 C.
783 1340 842 1385 F.‚
855 1353 1011 1378 summa
1027 1339 1125 1377 mihi
1141 1339 1396 1378 necessitudo

209 1409 285 1448 est,
317 1403 454 1440 multis
489 1405 573 1440 eius
605 1402 739 1440 officiis
773 1408 816 1440 et
847 1404 947 1440 meis
980 1404 1130 1440 mutuis
1162 1404 1395 1440 constituta.

209 1465 311 1503 Peto
333 1478 358 1502 a
380 1470 424 1502 te
446 1467 640 1502 maiorem
662 1466 704 1500 in
726 1463 905 1509 modum,
927 1463 992 1501 vel
1014 1463 1276 1501 humanitatis
1299 1468 1396 1501 tuae

208 1526 272 1565 vel
285 1539 378 1564 mea
390 1539 523 1571 causa,
538 1531 585 1562 ut
600 1538 693 1562 eum
706 1527 950 1563 auctoritate
964 1530 1049 1571 tua,
1063 1538 1168 1576 quae
1180 1525 1397 1575 plurimum

209 1588 331 1633 valet,
346 1593 627 1626 conservatum
642 1586 752 1624 velis.
794 1587 893 1625 Volo
908 1592 965 1632 te,
981 1600 1073 1624 cum
1086 1586 1324 1625 fortissimus
1339 1588 1397 1624 vir

261 1688 276 1703 ⁰
298 1683 383 1716 This
407 1682 546 1725 Appius
572 1680 741 1714 Claudius
763 1691 835 1714 was
864 1681 925 1713 the
954 1691 1018 1714 son
1041 1680 1081 1713 of
1108 1681 1218 1714 Gaius
1241 1680 1396 1719 Clodius,

212 1737 386 1769 governor
404 1727 445 1758 of
463 1726 550 1758 Asia
568 1725 604 1756 in
623 1726 744 1757 55—54.
793 1724 868 1756 The
890 1723 1004 1761 latter,
1022 1734 1068 1756 on
1089 1723 1142 1757 his
1166 1727 1284 1757 return
1306 1723 1397 1757 from

214 1771 312 1807 Asia,
336 1769 407 1802 had
434 1769 523 1801 been
543 1766 763 1800 condemned
783 1768 838 1799 for
857 1768 1040 1805 extortion,
1063 1766 1129 1800 but
1150 1767 1338 1800 reinstated
1361 1769 1396 1800 in

213 1813 267 1845 his
287 1812 368 1845 civil
387 1811 499 1854 rights
519 1810 569 1852 by
589 1810 748 1852 Antony.
793 1810 858 1842 His
878 1820 954 1848 son,
973 1809 1042 1842 this
1062 1810 1202 1852 Appius
1217 1809 1397 1848 Claudius,
1446 1837 1448 1841 ,

216 1854 419 1897 vigorously
434 1852 642 1897 prosecuted
666 1853 765 1891 Milo,
781 1852 847 1885 but
862 1852 994 1892 Cicero,
1010 1863 1050 1885 as
1069 1852 1123 1885 his
1144 1852 1243 1885 letter
1261 1863 1397 1895 proves,

214 1899 316 1931 bears
339 1898 413 1931 him
436 1908 483 1930 no
507 1895 646 1939 grudge
667 1897 723 1929 for
744 1896 822 1929 that
844 1906 980 1934 reason,
1002 1894 1074 1928 and
1098 1906 1184 1928 even
1206 1898 1317 1929 exerts
1344 1895 1397 1929 his

216 1941 389 1974 influence
405 1951 452 1975 on
467 1940 521 1973 his
537 1937 669 1972 behalf.

210 1992 287 2032 486
