1448 2236
657 81 857 121 CICERO

159 185 447 224 infidelitatem
468 188 670 224 exercitus
691 188 791 231 eius,
811 199 892 224 non
911 184 1180 224 dubitandum
1198 186 1354 236 putavi,

161 252 259 300 quin
278 263 553 288 succurrerem
570 263 719 301 meque
738 253 939 288 communi
957 250 1136 301 periculo
1155 249 1353 288 offerrem.

161 313 347 352 Sciebam
373 317 496 360 enim,
522 317 598 353 etsi
623 317 780 353 cautius
804 314 902 352 illud
927 320 1016 353 erat
1038 314 1261 359 consilium,
1285 327 1354 352 ex-

160 384 347 429 spectare
363 392 430 417 me
449 379 501 417 ad
518 378 685 425 Isaram,
702 379 800 417 dum
814 378 963 418 Brutus
979 381 1186 418 traiiceret
1203 380 1353 417 exerci-

158 448 262 489 tum,
283 449 326 482 et
345 457 437 481 cum
457 443 612 494 collega
640 446 938 489 consentiente,
959 446 1142 482 exercitu
1154 439 1353 481 'concordi

160 513 204 546 et
222 508 330 546 bene
349 508 401 546 de
419 508 628 559 republica
649 511 870 554 sentiente,
889 510 994 546 sicut
1018 507 1167 546 milites
1186 505 1354 552 faciunt,

159 571 342 611 hostibus
371 573 531 611 obviam
559 575 631 618 ire,
659 578 814 618 tamen,
842 575 875 611 si
908 573 1006 623 quid
1038 571 1215 623 Lepidus
1247 572 1353 610 bene

159 639 339 675 sentiens
367 636 606 675 detrimenti
634 639 824 688 cepisset,
852 637 927 675 hoc
955 649 1075 675 omne
1104 638 1353 688 assignatum

159 703 207 738 iri
232 707 304 740 aut
327 704 576 752 pertinaciae
601 715 718 740 meae
743 707 814 740 aut
838 703 972 741 timori
998 701 1200 747 videbam,
1223 702 1257 739 si
1282 705 1354 738 aut

160 765 367 804 hominem
391 765 589 805 offensum
613 766 726 812 mihi,
749 769 1008 805 coniunctum
1032 779 1124 804 cum
1146 764 1354 816 republica

156 844 241 869 ‘non
274 831 562 876 sublevassem,
597 837 669 869 aut
703 833 790 881 ipse
825 845 849 869 a
882 833 1104 869 certamine
1137 829 1234 868 belli
1266 834 1353 867 tam

122 900 142 932 3
162 898 376 934 necessarii
398 904 465 934 me
485 898 759 934 removissem.
813 895 960 947 Itaque
980 897 1115 946 potius
1136 893 1353 946 periclitari

161 960 281 1005 volui,
311 963 344 998 si
372 973 534 1011 possem
562 973 655 998 mea
682 962 915 1011 praesentia
945 966 988 999 et
1017 959 1220 1010 Lepidum
1247 959 1354 996 tueri

162 1030 205 1062 et
236 1027 461 1063 exercitum
491 1023 627 1063 facere
656 1024 880 1070 meliorem,
910 1037 1034 1075 quam
1062 1025 1182 1062 nimis
1211 1028 1354 1061 cautus

161 1089 300 1127 videri.
355 1088 635 1127 Sollicitiorem
661 1094 773 1127 certe
799 1088 1020 1134 hominem,
1048 1101 1130 1126 non
1156 1090 1236 1125 suis
1261 1099 1355 1125 con-

162 1156 317 1199 tractis,
333 1156 538 1191 neminem
556 1159 657 1204 puto
671 1152 808 1191 fuisse.
862 1152 982 1199 Nam,
997 1165 1103 1204 quae
1120 1165 1184 1190 res
1203 1150 1354 1189 nullam

162 1217 343 1256 habebat
366 1218 680 1264 dubitationem,
705 1220 738 1256 si
764 1220 966 1256 exercitus
992 1216 1138 1268 Lepidi
1161 1216 1281 1261 absit,
1294 1227 1355 1269 *ea

161 1295 267 1320 nunc
311 1295 503 1333 magnam
547 1281 665 1320 affert
708 1281 1034 1327 sollicitudinem,
1077 1292 1355 1332 magnumque

162 1346 288 1385 habet
322 1360 474 1385 casum.
529 1346 634 1384 Mihi
669 1349 777 1384 enim
811 1349 845 1385 si
878 1348 1130 1398 contigisset,
1165 1350 1212 1383 ut
1246 1347 1355 1395 prior

161 1425 413 1450 occurrerem
449 1411 644 1457 Antonio,
679 1425 761 1450 non
796 1410 1047 1450 mehercules
1083 1410 1224 1448 horam
1259 1422 1354 1447 con-

161 1479 359 1522 stitisset3
378 1482 541 1515 tantum
555 1489 631 1528 ego
645 1482 687 1514 et
699 1476 797 1514 mihi
811 1475 968 1515 confido
982 1480 1025 1514 et
1035 1474 1238 1526 perculsas
1250 1473 1353 1512 illius

161 1543 296 1592 copias
313 1540 562 1591 Ventidique
578 1541 764 1579 mulionis
781 1546 914 1579 castra
929 1540 1120 1590 despicio.
1176 1538 1258 1577 Sed
1273 1551 1354 1576 non

162 1618 325 1656 possum
344 1619 426 1644 non
446 1605 745 1651 exhorrescere,
764 1607 797 1643 si
815 1604 914 1655 quid
931 1606 1041 1643 intra
1057 1608 1197 1642 cutem
1215 1602 1354 1640 subest

163 1670 320 1716 ulceris,
334 1670 444 1721 quod
456 1672 566 1720 prius
580 1683 726 1707 nocere
739 1674 892 1720 potest,
906 1681 1028 1720 quam
1041 1669 1131 1706 sciri
1144 1669 1354 1717 curarique

165 1737 306 1786 possit.
361 1733 442 1772 Sed
466 1740 592 1780 certe,
616 1736 691 1772 nisi
715 1747 796 1772 uno
819 1733 906 1771 loco
929 1745 997 1771 me
1019 1738 1219 1777 tenerem,
1242 1743 1355 1781 mag-

537 1932 554 1951 ‘2
578 1928 644 1962 See
660 1931 741 1962 note
755 1939 777 1960 a
793 1939 840 1961 on
855 1929 935 1961 xvii.
956 1930 984 1962 1.

168 2018 246 2053 350
