1448 2236
651 67 852 107 CICERO

155 175 237 212 iam
251 175 358 212 tueri
375 186 468 211 eum
484 178 528 211 et
543 172 712 224 diligere
726 171 806 211 fuit
820 172 918 210 mihi
933 185 1099 212 neeesse
1116 184 1126 218 3
1156 173 1222 212 vel
1236 174 1345 225 quod

155 254 256 304 ipse,
289 252 423 303 quoad
457 265 533 303 ego
566 265 683 290 nosse
714 253 844 302 potui,
876 251 1187 290 moderatissimi
1220 257 1345 304 atque

156 331 433 370 humanissimi
459 329 539 369 fuit
566 342 734 375 sensus3
776 329 842 368 vel
868 330 978 382 quod
1006 343 1058 369 ex
1085 335 1172 369 tam
1198 332 1345 383 insigni

158 413 336 449 amicitia
352 423 445 448 mea
463 415 588 461 atque
606 409 788 447 Caesaris
806 408 926 455 hunc,
943 409 999 447 fih'
1015 409 1102 448 loeo
1121 415 1164 448 et
1180 409 1284 448 illius
1302 416 1346 450 et

155 495 290 528 vestro
305 489 452 527 iudicio
468 489 750 534 substitutum,
766 502 847 526 non
861 488 1030 539 proinde
1045 487 1211 534 habere,
1225 494 1346 540 turpe

116 574 137 606 6
155 568 253 606 mihi
288 568 461 606 videtur.
515 566 610 613 Sed,
645 567 843 618 quidquid
876 567 951 606 tibi
985 567 1127 612 scribo,
1161 567 1348 607 dolenter

155 647 387 686 mehercule
415 649 544 698 magis
583 659 705 697 quam
742 648 902 684 inimice
931 644 1046 685 facio.
1101 645 1221 694 Quod
1248 649 1347 686 vivit

157 727 359 764 Antonius
373 725 508 771 hodie,
523 725 631 776 quod
646 724 824 775 Lepidus
838 738 920 763 una
934 730 1010 771 est,
1024 725 1134 776 quod
1147 727 1347 764 exercitus

156 805 311 844 habent
356 818 438 844 non
481 804 814 849 contemnendos,
860 803 969 855 quod
1013 809 1194 855 sperant,
1237 805 1347 856 quod

157 885 326 929 audent,
364 896 485 922 omne
523 882 686 920 Caesari
725 888 938 933 acceptum
974 881 1127 921 referre
1164 889 1345 934 possunt.

159 963 304 1014 Neque
329 975 405 1014 ego
428 964 634 1013 superiora
655 967 870 1012 repetam;
907 961 981 999 sed
1003 974 1054 999 ex
1078 975 1126 1000 eo
1147 967 1347 1014 tempore,

159 1055 239 1093 quo
275 1044 362 1092 ipse
398 1040 497 1078 mihi
532 1039 735 1091 professus
774 1045 837 1078 est
872 1052 917 1078 se
952 1042 1105 1086 venire,
1142 1042 1175 1079 si
1210 1043 1347 1080 venire

158 1120 364 1165 voluisset,
395 1125 467 1157 aut
496 1131 732 1170 oppressum
761 1120 843 1156 iam
872 1118 1024 1156 bellum
1055 1124 1176 1165 esset,
1206 1124 1278 1158 aut
1304 1122 1347 1158 in

160 1201 452 1238 aversissimam
472 1197 548 1235 illis
569 1197 808 1248 Hispaniam
828 1210 920 1235 cum
941 1197 1188 1236 detrimento
1209 1210 1347 1236 eorum

158 1280 336 1316 maximo
367 1282 590 1315 extrusum.
644 1275 761 1324 Quae
790 1289 906 1313 mens
937 1288 1045 1322 eum,
1075 1281 1148 1315 aut
1177 1289 1347 1327 quorum

160 1357 324 1396 consilia
345 1369 370 1394 a
390 1361 509 1395 tanta
530 1355 670 1407 gloria,
693 1355 768 1393 sibi
789 1367 885 1393 vero
908 1356 1033 1393 etiam
1054 1358 1280 1393 necessaria
1301 1369 1347 1395 ac

160 1435 340 1481 salutari,
376 1436 594 1480 avocarint,
630 1438 675 1472 et
709 1433 761 1471 ad
795 1435 1085 1485 cogitationem
1118 1434 1347 1474 consulatus

159 1516 364 1554 bimestris
395 1526 552 1552 summo
582 1526 675 1551 011111
704 1518 859 1551 terrore
890 1511 1097 1551 hominum
1127 1517 1172 1551 et
1199 1513 1348 1552 insulsa

160 1606 253 1632 cum
272 1592 564 1644 efflagitatione
584 1590 833 1637 tratulerint,
854 1596 1052 1642 exputare
1071 1604 1152 1629 non
1170 1604 1347 1642 possum.

122 1678 141 1711 7
163 1672 344 1710 Multum
370 1673 413 1709 in
438 1670 514 1708 hac
539 1682 585 1708 re
610 1669 709 1707 mihi
735 1669 924 1708 videntur
950 1671 1163 1708 necessarii
1192 1672 1278 1709 eius
1303 1676 1348 1710 et

161 1750 407 1802 reipublicae
420 1755 463 1788 et
474 1751 597 1800 ipsius
609 1761 730 1786 causa
740 1747 935 1799 proficere
945 1760 1064 1798 posse
1081 1760 1092 1794 ;
1117 1747 1347 1799 plurimum,

162 1835 209 1868 ut
235 1834 351 1880 puto,
378 1834 425 1867 tu
453 1840 630 1879 quoque,
657 1829 768 1865 cuius
795 1826 863 1865 ille
890 1831 1009 1865 tanta
1035 1828 1182 1865 merita
1207 1808 1347 1874 habet,

162 1913 317 1959 quanta
333 1920 453 1946 nemo
469 1911 635 1959 praeter
650 1919 717 1944 me
736 1918 746 1944 ι
777 1918 998 1956 numquam
1017 1907 1124 1944 enim
1141 1905 1348 1945 obliviscar

164 2001 243 2042 876
