1448 2236
698 48 900 87 CICERO

205 165 297 190 cum
315 165 382 190 me
402 154 569 199 etesiae,
589 155 703 204 quasi
721 153 817 191 boni
835 155 955 199 cives,
973 153 1271 205 relinquentem
1289 167 1393 192 rem-

204 214 407 266 publicam
447 217 635 265 prosequi
675 214 904 261 noluerunt,
946 221 1162 267 austerque
1203 215 1392 254 adversus

205 278 382 314 maximo
404 275 504 315 flatu
526 290 593 315 me
617 277 669 315 ad
691 277 859 315 tribules
883 283 974 316 tuos
997 277 1199 329 Rhegium
1219 277 1392 323 rettulit,
1424 316 1440 324 f

206 343 330 389 atque
349 338 444 377 inde
464 341 594 376 ventis
614 341 734 377 remis
752 341 795 377 in
813 342 987 390 patriam
1006 342 1114 378 omni
1133 338 1393 378 festinatione

205 403 430 450 properavi,
456 401 732 451 postridieque
757 403 799 438 in
824 414 982 439 summa
1005 401 1250 452 reliquorum
1274 402 1393 440 servi-

165 467 187 498 4
206 467 297 500 tute
319 461 422 500 liber
444 475 546 500 unus
569 461 640 500 fui.
693 462 756 501 Sic
779 476 868 500 sum
889 465 932 501 in
953 462 1178 501 Antonium
1197 465 1392 507 invectus,

205 529 253 561 ut
291 523 358 561 ille
400 538 481 561 non
521 523 661 569 ferret,
703 538 946 575 omnemque
987 531 1112 564 suum‘
1145 524 1392 563 vinolentum

205 584 382 623 furorem
404 588 446 624 in
469 599 535 624 me
559 599 684 624 unum
708 585 948 632 effunderet,
964 600 1113 638 meque
1135 600 1228 624 cum
1251 586 1392 624 elicere

205 647 328 685 vellet
343 647 395 685 ad
413 648 547 686 caedis
566 661 743 694 causam,
757 654 847 686 tum
865 654 1048 686 tentaret
1064 648 1214 686 insidiis
1229 659 1239 692 3
1272 660 1393 699 quem

205 722 282 760 ego
314 714 545 747 metantem
579 715 623 748 et
655 716 922 748 nauseantem
955 712 1106 748 conieci
1138 712 1181 748 in
1213 709 1393 747 Caesaris

205 770 418 809 Octaviani
448 770 601 823 plagas.
655 770 762 810 Puer
793 774 901 810 enim
933 774 1119 824 egregius
1150 771 1394 822 praesidium

204 833 278 870 sibi
310 835 485 883 primum
519 838 562 871 et
594 834 722 879 nobis,
755 833 902 872 deinde
935 846 1117 872 summae
1149 831 1393 883 reipublicae

204 897 479 945 comparavit3
539 897 608 946 qui
652 897 727 933 nisi
772 894 928 940 fuisset,
974 895 1128 933 Antoni
1171 895 1326 933 reditus
1369 907 1395 932 a

204 955 414 994 Brundisio
431 958 558 1007 pestis
576 958 733 1007 patriae
750 955 907 995 fuisset.
960 956 1077 1004 Quae
1094 957 1285 1006 deinceps
1303 961 1394 994 acta

165 1023 186 1054 5
205 1020 299 1063 sint,
320 1020 420 1056 scire
442 1023 485 1056 te
507 1018 691 1056 arbitror.
744 1017 825 1057 Sed
845 1018 1059 1057 redeamus
1081 1018 1134 1057 ad
1154 1017 1265 1063 illud,
1286 1017 1393 1056 unde

204 1079 453 1117 divertimus.
507 1080 671 1130 Accipio
708 1083 1010 1118 excusationem
1046 1085 1160 1118 tuam
1195 1079 1247 1118 de
1282 1078 1394 1117 Sem-

203 1143 357 1191 pronio.
428 1141 572 1192 Neque
611 1144 719 1179 enim
755 1144 901 1180 statuti
938 1142 1036 1193 quid
1072 1144 1114 1179 in
1151 1146 1269 1180 tanta
1304 1153 1393 1191 per-

204 1203 437 1242 turbatione
455 1202 606 1241 habere
623 1205 805 1254 potuisti.

266 1296 374 1331 Nunc
389 1297 446 1331 hic
461 1297 536 1331 dies
552 1297 659 1331 aliam
674 1299 784 1331 vitam
800 1297 925 1338 defert,
941 1297 1029 1332 alios
1044 1308 1159 1332 mores
1174 1297 1342 1340 postulat,
1381 1282 1384 1286 ¹

204 1388 252 1422 ut
264 1385 323 1421 ait
335 1382 562 1422 Terentius.
616 1383 904 1431 Quamobrem,
918 1386 974 1421 mi
988 1383 1156 1431 Quinte,
1168 1382 1392 1421 conscende
1446 1412 1448 1416 .

204 1445 425 1490 nobiscum,
443 1451 487 1483 et
505 1446 669 1496 quidem
687 1446 741 1484 ad
755 1448 938 1496 puppim.
991 1445 1086 1483 Una
1102 1446 1213 1483 navis
1232 1450 1295 1483 est
1310 1447 1392 1482 iam

204 1507 400 1545 bonorum
421 1509 613 1552 omnium,
637 1520 759 1558 quam
781 1508 946 1558 quidem
967 1520 1039 1546 nos
1061 1507 1204 1545 damus
1227 1519 1391 1557 operam

204 1575 251 1607 ut
267 1574 422 1607 rectam
439 1574 665 1607 teneamus.
720 1569 890 1607 Utinam
906 1582 1098 1620 prospero
1115 1581 1232 1607 cursu
1250 1568 1259 1606 !
1311 1567 1391 1606 Sed
1442 1580 1448 1614 fi

204 1634 447 1682 quicumque
470 1633 582 1669 venti
605 1636 736 1676 erunt,
760 1644 823 1669 ars
845 1636 983 1669 nostra
1010 1636 1122 1669 certe
1144 1644 1225 1668 non
1248 1630 1390 1668 aberit.
1436 1620 1448 1687 ξ

203 1693 312 1741 Quid
343 1695 452 1732 enim
481 1698 688 1744 praestare
721 1692 829 1730 aliud
860 1695 984 1730 virtus
1014 1693 1185 1743 potest?
1237 1691 1299 1729 Tu
1327 1690 1390 1728 fac
1442 1689 1448 1692 “

252 1848 266 1862 ⁰
290 1842 412 1876 Winds
442 1842 520 1876 that
556 1842 649 1876 blow
678 1843 771 1876 from
799 1841 859 1875 the
891 1841 994 1875 N.W.
1026 1842 1081 1875 for
1109 1842 1206 1884 forty
1233 1840 1323 1884 days
1351 1841 1388 1873 in

206 1895 363 1918 summer
376 1887 414 1918 in
428 1886 489 1918 the
506 1885 653 1919 Levant.
705 1884 762 1927 Of.
779 1886 815 1918 ii.
838 1887 888 1918 15.
907 1888 938 1919 5.

253 1929 266 1949 ⁶
290 1929 408 1961 Andr.
426 1930 448 1961 i.
465 1931 499 1961 2.
521 1931 572 1962 18.
1436 1922 1448 1974 ᾖ

210 1978 286 2018 604·
