1448 2236
677 43 880 83 CICERO

180 149 278 186 raris
290 150 524 186 amentiam.
560 148 690 185 Immo
702 150 735 185 si
746 148 1308 201 actionem,stultissimasque
1319 150 1372 188 de

142 228 163 260 3
181 236 238 268 se,
255 222 428 261 nefarias
445 223 497 261 de
513 229 630 274 patre
647 222 916 262 confessiones
933 223 1112 263 audisses
1131 225 1139 263 !
1178 218 1317 264 Mittit
1331 227 1374 262 in

181 298 389 336 consilium
409 299 574 337 eosdem
592 298 692 344 illos,
712 301 781 349 qui
799 298 892 337 lites
912 302 1190 346 aestimarant,
1208 300 1372 339 iudices.

183 374 285 412 Cum
314 387 444 425 aequo
469 387 637 412 numero
663 377 893 413 sententiae
922 374 1108 421 fuissent,
1129 375 1374 422 Laterensis,

181 449 293 501 leges
329 452 530 500 ignorans,
565 452 856 500 pronuntiavit,
892 450 1001 501 quod
1035 450 1182 502 singuli
1216 450 1375 490 ordines

182 525 428 563 iudicassent
445 537 455 570 ;
489 530 532 563 et
548 525 601 563 ad
619 531 863 571 extremum,
881 531 928 563 ut
945 525 1090 572 solent,
1107 538 1181 564 non
1196 525 1376 579 redigam.

184 600 403 651 Postquam
429 600 625 646 discessit,
651 606 694 638 et
717 613 789 651 pro
815 600 999 639 absoluto
1025 600 1212 639 Servilius
1237 601 1376 640 haberi

182 682 350 726 coeptus
366 681 441 721 est,
454 675 637 726 legisque
651 689 776 713 unum
791 681 834 714 et
846 679 1114 715 centesimum
1127 683 1250 728 caput
1262 677 1377 728 legit,

182 754 224 789 in
254 764 333 802 quo
363 754 422 789 ita
452 756 540 789 erat
559 763 568 789 ι
613 763 719 793 ouon
749 763 888 789 EORUM
919 764 1092 790 mmctm
1122 763 1252 790 Minoa
1281 764 1377 791 PARS

184 839 404 873 moremur,
426 839 470 864 ID
492 839 554 865 1th
577 839 796 869 RATUMQUE
817 839 912 864 1-:s'ro
931 840 941 865 ι
975 829 1018 865 in
1038 826 1199 866 tabulas
1221 827 1378 866 absolu-

184 909 274 941 tum
293 917 375 941 non
394 902 567 948 rettulit,
588 903 773 941 ordinum
791 903 938 941 iudicia
956 905 1213 954 perscripsit3
1240 909 1378 954 postu·
1431 913 1434 915 ’

184 979 296 1017 lante
314 991 450 1016 rursus
465 978 613 1029 Appio,
628 991 721 1016 cum
737 977 784 1015 L.
801 977 928 1016 Lollio
943 981 1157 1029 transegit,
1173 984 1217 1017 et
1230 991 1274 1016 se
1292 992 1379 1017 rem
1429 1004 1432 1007 ,

183 1054 407 1093 relaturum
437 1053 554 1092 dixit.
608 1053 672 1091 Sic
702 1067 810 1092 nunc
840 1066 975 1105 neque
1006 1053 1214 1093 absolutus
1245 1067 1379 1105 neque

184 1131 400 1169 damnatus
426 1128 614 1168 Servilius
645 1129 697 1167 de
730 1129 968 1180 repetundis
993 1132 1150 1168 saueius
1176 1129 1275 1168 Pilio
1299 1135 1380 1168 tra-
1434 1175 1436 1178 ι

184 1206 318 1245 detur.
372 1205 478 1243 Nam
497 1205 549 1243 de
569 1205 817 1243 divinatione
836 1205 1008 1256 Appius,
1027 1218 1120 1243 cum
1138 1204 1380 1243 calumniam
1432 1200 1435 1203 ’

184 1285 369 1326 iurasset,
382 1280 631 1319 contendere
646 1293 765 1318 ausus
779 1293 860 1318 non
874 1285 951 1326 est,
965 1279 1147 1331 Pilioque
1160 1282 1282 1319 cessit
1299 1292 1309 1326 ;
1337 1286 1380 1320 et

184 1360 270 1409 ipse
289 1357 342 1396 de
360 1359 541 1408 pecuniis
560 1355 797 1406 repetundis
817 1369 842 1393 a
861 1354 1035 1394 Serviliis
1056 1361 1120 1394 est
1137 1355 1380 1407 postulatus,

186 1439 229 1472 et
241 1438 458 1484 praeterea
472 1432 524 1471 de
542 1434 580 1470 vi
594 1444 687 1470 reus
704 1444 730 1469 a
747 1431 924 1482 quodam
943 1433 1147 1470 emissario
1165 1444 1252 1478 suo,
1265 1430 1379 1471 Sext.
1435 1434 1438 1435 ⁷

145 1516 168 1546 4
184 1509 335 1554 Tettio,
357 1507 490 1546 factus
515 1512 590 1546 est.
644 1506 772 1545 Recte
796 1506 871 1545 hoc
893 1519 967 1558 par
989 1506 1130 1545 habet.
1183 1506 1305 1554 Quod
1327 1507 1380 1545 ad
1435 1495 1448 1534 ’ἶ

185 1583 475 1635 rempublicam
511 1585 706 1634 pertinet,
743 1584 906 1620 omnino
942 1581 1079 1620 multis
1115 1581 1273 1626 diebus,
1311 1594 1380 1620 ex-

236 1759 252 1776 ⁶
274 1755 350 1788 The
366 1754 545 1792 senators,
563 1753 722 1795 Equites,
738 1752 811 1785 and
828 1752 976 1785 Tribuni
992 1752 1141 1786 Aerarii.

239 1798 252 1818 ὓ
277 1797 457 1839 Probably
472 1807 494 1829 a
505 1796 745 1839 jurisconsult.
1438 1785 1448 1836 ξ

240 1846 252 1862 ⁶
277 1842 297 1855 “
314 1841 373 1874 On
401 1841 462 1874 the
488 1839 719 1882 preliminary
746 1839 908 1881 question
937 1848 976 1871 as
1004 1840 1042 1872 to
1070 1837 1150 1871 who
1178 1837 1305 1871 should
1333 1838 1379 1872 be
1436 1843 1448 1895 g

191 1884 385 1927 appointed
401 1883 580 1917 accuser.”
821 1883 825 1887 '
1440 1897 1448 1906 .-

234 1928 250 1948 4
273 1928 414 1970 Appius
429 1926 501 1959 and
516 1926 664 1960 Tettius.
1439 1926 1448 1955 1

1439 1980 1448 2000 Ι

1439 2003 1448 2028 i

194 1983 270 2017 132
