1448 2236
679 40 898 100 x(31013110

198 167 350 212 posset,
373 175 567 214 magnum
591 169 635 202 et
656 165 876 204 iucundum
898 152 974 204 tissi
996 164 1161 205 fortuna
1181 171 1389 218 spectacu-
1426 200 1428 202 ,

197 222 281 262 lum
300 225 484 275 parabat.

754 325 831 365 XV

577 445 736 472 CAELIUS
762 446 946 473 CICERONI
972 447 1006 475 s.

489 517 532 552 In
550 519 668 553 Gallia
683 519 876 563 Cisalpina,
891 533 998 555 A.u.c.
1016 524 1094 556 ¹705.

158 597 173 631 1
246 594 467 646 Ecquando
503 600 550 633 tu
587 595 791 634 hominem
827 599 1069 648 ineptiorem
1109 611 1232 649 quam
1267 603 1383 636 tuum

195 655 268 693 Cn.
301 656 539 708 Pompeium
569 658 717 704 vidisti,
749 661 818 710 qui
848 665 985 698 tantas
1015 660 1169 706 turbas,
1200 663 1269 712 qui
1298 665 1384 699 tam

194 731 331 770 nugax
371 725 492 765 esset,
531 721 774 759 commorit?
813 721 995 772 Ecquem
1033 727 1173 760 autem
1211 722 1383 761 Caesare

194 786 331 819 nostro
351 784 546 820 acriorem
565 784 607 820 in
628 783 748 821 rebus
769 783 971 834 gerendis,
993 784 1138 822 eodem
1157 786 1200 822 in
1219 787 1384 823 victoria

193 846 526 894 temperatiorem
553 850 626 882 aut
654 844 789 895 legisti
816 851 889 883 aut
916 846 1098 884 audisti?
1151 846 1260 894 Quid
1288 847 1381 885 est?

194 904 302 942 Num
319 906 394 943 tibi
412 909 538 944 nostri
555 906 717 951 milites,
736 909 805 958 qui
823 907 1042 947 durissimis
1060 913 1104 946 et
1120 907 1382 959 frigidissimis

192 966 301 1013 locis,
326 971 563 1006 taeterrima
587 968 734 1014 hieme,
758 968 911 1007 bellum
935 969 1178 1008 ambulando
1202 970 1383 1009 confece-

191 1035 301 1075 runt,
327 1030 441 1068 malis
467 1030 696 1069 orbiculatis
724 1044 811 1070 esse
835 1035 943 1083 pasti
967 1031 1188 1071 videntur?
1241 1032 1381 1080 Quid?

193 1091 310 1137 tam,1
322 1094 467 1143 inquis,
479 1092 650 1144 gloriose
663 1094 821 1132 omnia?
845 1093 927 1132 Sed
938 1096 970 1132 si
982 1097 1096 1140 scias,
1109 1107 1232 1145 quam
1243 1094 1382 1133 sollici-

192 1159 259 1192 tus
281 1157 370 1200 sim,
390 1160 479 1193 tum
502 1155 605 1194 hanc
628 1169 762 1193 meam
787 1155 969 1207 gloriam,
990 1169 1095 1208 quae
1119 1157 1170 1195 ad
1193 1169 1259 1194 me
1284 1156 1381 1194 nihil

190 1219 384 1266 pertinet,
407 1217 605 1256 derideas.
659 1217 776 1265 Quae
798 1219 874 1256 tibi
897 1231 1115 1269 exponere,
1137 1221 1212 1257 nisi
1234 1232 1381 1264 coram,

191 1291 271 1316 non
294 1292 485 1329 possum3
523 1280 646 1330 idque
670 1279 856 1318 celeriter
878 1280 965 1319 fore
988 1293 1119 1331 spero.
1173 1280 1279 1319 Nam
1300 1293 1380 1326 me,

191 1353 283 1378 cum
317 1341 539 1391 expulisset
572 1354 623 1379 ex
657 1341 776 1380 Italia
809 1341 1060 1393 Pompeium,
1088 1344 1300 1380 constituit
1328 1342 1381 1380 ad

192 1401 348 1440 Urbem
363 1415 506 1440 vocare
524 1414 534 1448 ;
563 1403 605 1442 id
622 1403 731 1454 quod
745 1406 827 1442 iam
844 1406 1030 1442 existimo
1046 1402 1290 1449 confectum,
1306 1405 1380 1442 nisi

151 1468 172 1500 2
190 1466 223 1501 si
243 1463 387 1502 maluit
408 1463 622 1515 Pompeius
643 1465 828 1504 Brundisi
849 1465 1143 1504 circumsederi.
1197 1464 1380 1510 Peream,

190 1526 223 1562 si
251 1527 416 1563 minima
444 1539 565 1564 causa
594 1532 658 1564 est
684 1526 926 1577 properandi
953 1529 1032 1565 isto
1060 1526 1171 1572 mihi,
1200 1527 1310 1577 quod
1335 1531 1379 1564 te

190 1587 326 1625 videre
361 1593 405 1626 et
436 1591 569 1626 omnia
601 1591 745 1627 intima
776 1588 958 1627 conferre
990 1589 1182 1640 discupio.
1235 1588 1379 1626 Habeo

191 1655 332 1687 autem
359 1662 482 1701 quam
509 1650 665 1689 multa!
711 1650 795 1688 Hui
822 1664 962 1689 vereor
985 1650 1111 1702 (quod
1133 1650 1238 1689 solet
1262 1650 1378 1701 fieri),

191 1723 257 1756 ne,
286 1724 412 1762 quum
440 1717 485 1750 te
513 1712 665 1758 videro,
695 1715 829 1751 omnia
857 1712 1078 1751 obliviscar.
1131 1711 1212 1750 Sed
1239 1717 1379 1750 tamen

551 1780 564 1801 ¹
597 1780 814 1824 Wesenbery:
838 1782 911 1815 iam
926 1790 1008 1814 uss.

217 1861 233 1878 ⁰
256 1858 323 1896 i.e.,
335 1857 390 1891 del
396 1859 531 1897 icacies,
541 1869 580 1892 so
591 1858 669 1891 that
680 1858 765 1900 they
777 1858 894 1892 would
906 1858 951 1891 be
962 1857 1148 1900 incapable
1159 1857 1199 1891 of
1208 1857 1356 1900 fatigue.
1424 1844 1427 1849 ι

461 1902 474 1922 ⁶
496 1902 564 1940 i.e.‚
581 1901 828 1979 fflldffssegloliy
839 1911 917 1978 gas
933 1901 1108 1935 Caesar-’s-

686 1955 786 1978 vious
800 1956 823 1987 y
869 1955 981 1978 aesar.

202 1998 276 2036 172
