1448 2236
671 66 873 105 CICERO

177 169 358 208 futurum
387 176 520 221 putet,
550 171 603 209 ob
633 184 805 222 eamque
835 185 998 210 causam
1026 184 1071 210 se
1100 171 1192 210 huic
1219 170 1366 210 latroni

139 233 159 265 3
178 226 379 264 deservire
408 240 506 277 prae
536 240 580 265 se
610 226 728 265 ferat.
783 227 888 265 Nam
918 227 966 266 L.
997 227 1132 273 Cotta,
1161 226 1366 265 familiaris

177 296 306 328 meus,
331 282 447 321 fatali
473 284 649 334 quadam
675 284 971 334 desperatione,
997 289 1045 322 ut
1070 285 1142 329 ait,
1167 285 1298 320 minus
1323 285 1365 320 in

179 344 367 377 senatum
397 342 522 377 venit.
576 338 625 377 L.
656 339 817 385 Caesar,
848 342 1024 390 optimus
1056 345 1100 377 et
1129 338 1366 377 fortissimus

179 397 287 440 civis,
301 395 533 434 valetudine
546 396 779 446 impeditur.
832 395 917 434 Ser.
931 395 1140 446 Sulpicius,
1155 401 1199 434 et
1210 407 1366 443 summa

179 455 422 490 auctoritate
441 458 484 491 et
501 455 654 503 optime
671 455 864 498 sentiens,
882 466 963 491 non
979 453 1109 491 adest.
1162 451 1365 502 Reliquos,

180 511 360 559 exceptis
399 509 633 560 designatis,
670 512 832 561 ignosce
869 510 981 555 mihi,
1013 512 1046 548 si
1082 522 1163 547 non
1199 520 1365 546 numero

179 565 419 603 consulares.
473 565 611 604 Habes
657 572 839 604 auctores
883 564 1020 604 consili
1063 564 1211 616 publici
1229 576 1240 609 3
1297 565 1365 614 qui

179 634 368 659 numerus
409 624 533 660 etiam
572 622 686 660 bonis
725 623 845 660 rebus
886 625 1056 674 exiguus
1096 619 1364 671 esset‚—quid

178 690 318 716 censes
332 679 501 729 perditis
518 679 534 715 ?
588 674 723 726 Quare
740 691 831 728 spes
849 684 912 717 est
927 681 1055 716 omnis
1069 680 1113 716 in
1128 677 1238 715 vobis
1256 688 1267 720 ;
1296 677 1364 726 qui

178 736 211 771 si
229 735 375 773 idcirco
394 735 558 780 abestis,
573 741 620 773 ut
638 738 723 773 sitis
741 738 784 772 in
801 741 907 780 tuto,
926 748 978 773 ne
995 737 1038 772 in
1055 734 1167 773 vobis
1186 732 1364 784 quidem.

178 789 247 827 Sin
263 790 414 842 aliquid
428 792 595 842 dignum
610 797 743 830 vestra
757 791 885 843 gloria
898 793 1099 843 cogitatis,
1113 789 1233 828 velim
1242 788 1364 838 *salvis

179 847 306 885 nobis.
357 847 428 885 Sin
444 848 486 886 id
503 850 647 893 minus,
664 862 727 886 res
746 854 886 886 tamen
902 847 1062 898 publica
1078 860 1151 898 per
1167 859 1236 884 vos
1253 846 1363 884 brevi

178 908 361 953 tempore
373 906 434 941 ius
447 917 563 942 suum
575 905 830 955 reciperabit.
882 904 971 954 Ego
983 906 1063 942 tuis
1076 915 1210 954 neque
1221 902 1363 941 desum

178 972 310 1010 neque
329 959 465 999 deero.
511 960 591 1007 Qui
609 963 692 999 sive
711 961 763 999 ad
780 973 846 998 me
864 959 1044 998 referent
1060 962 1143 998 sive
1161 972 1255 1004 non,
1271 971 1364 996 mea

178 1016 252 1053 tibi
269 1021 408 1054 tamen
423 1016 707 1055 benevolentia
723 1016 903 1068 fidesque
919 1016 1205 1067 praestabitur.
1249 1014 1363 1053 Vale.

739 1195 803 1232 III

495 1301 542 1328 M.
559 1302 596 1327 Τ.
616 1302 650 1327 C.
669 1302 701 1328 S.
720 1302 757 1327 P.
777 1302 815 1326 D.
835 1302 870 1327 C.
889 1300 1016 1327 CASSIO

559 1384 706 1423 Romae,
723 1394 829 1417 A.u.c.
848 1385 925 1416 710.

140 1463 158 1497 1
230 1460 369 1511 Auget
397 1466 490 1498 tuus
519 1463 669 1498 amicus
697 1459 873 1497 furorem
899 1461 941 1497 in
968 1459 1082 1504 dies3
1122 1460 1295 1509 primum
1321 1459 1362 1494 in

228 1614 243 1630 ⁰
267 1609 399 1643 Consul
415 1611 451 1642 in
469 1612 524 1642 65.

228 1653 242 1674 θ
268 1653 369 1686 After
390 1653 450 1686 the
471 1652 578 1685 death
601 1652 641 1685 of
658 1652 776 1686 Julius
798 1652 843 1685 he
863 1651 953 1685 tried
974 1655 1012 1685 to
1033 1651 1186 1684 mediate
1205 1650 1362 1684 between

182 1695 329 1738 Antony
341 1696 412 1728 and
426 1696 486 1729 the
499 1696 638 1729 Senate.
686 1696 743 1728 He
756 1706 826 1728 was
839 1694 1042 1736 proscribed
1054 1695 1104 1737 by
1115 1694 1176 1727 the
1187 1694 1362 1727 triumvirs

182 1739 253 1771 and
271 1738 446 1781 narrowly
463 1738 612 1781 escaped
629 1738 748 1771 death.
794 1738 953 1770 Watson.

231 1782 325 1815 ”He
340 1792 452 1815 seems
467 1785 504 1815 to
521 1782 611 1814 have
626 1781 689 1815 left
705 1781 818 1814 Rome
834 1782 870 1814 in
890 1781 989 1822 May.

228 1824 244 1844 ‘¹
267 1825 403 1858 Hirtius
418 1824 491 1858 and
508 1825 636 1858 Pansa.

229 1868 370 1901 From
393 1868 474 1901 here
495 1870 533 1901 to
557 1871 678 1909 “your
700 1867 857 1923 agency’
862 1867 952 1909 'you
978 1866 1007 1899 is
1029 1865 1155 1909 plural,
1178 1866 1203 1898 i.
1205 1875 1233 1898 e.
1258 1868 1360 1906 “you

181 1910 253 1943 and
268 1911 368 1944 those
382 1912 627 1953 co-operating
641 1910 726 1943 with
741 1921 823 1952 you.

224 1954 239 1976 t
263 1954 421 1996 Antony.

180 2009 257 2043 524
309 2047 326 2060 ‚
