1448 2236
686 38 887 78 CICERO
920 52 923 53 ⁷

194 147 406 195 expressit,
435 147 504 195 qui
533 145 584 182 de
614 157 662 182 eo
691 149 780 181 tum
807 143 984 188 fuerant,
1007 155 1100 180 cum
1126 141 1280 179 Romae
1307 153 1380 179 nos
1446 182 1448 187 ,

152 204 173 237 3
192 212 384 237 essemus.
447 198 509 236 Tu
538 200 571 236 si
601 197 852 248 Pompeium,
884 202 932 234 ut
959 196 1136 241 volebas,
1166 194 1380 240 offendisti,
1443 189 1448 236 ἔ

193 255 263 303 qui
280 253 356 290 tibi
373 254 479 290 visus
498 253 564 296 sit,
583 257 626 289 et
645 264 766 302 quam
784 252 1009 288 orationem
1025 249 1213 287 habuerit
1230 254 1380 293 tecum,

194 319 399 357 quamque
431 305 655 343 ostenderit
687 304 940 342 voluntatem
971 303 1091 355 (solet
1128 305 1236 340 enim
1271 301 1380 340 aliud

193 362 344 398 sentire
363 365 406 397 et
422 359 546 410 loqui,
562 371 696 409 neque
714 363 877 396 tantum
892 356 1027 395 valere
1043 359 1219 407 ingenio,
1237 361 1284 394 ut
1300 369 1381 393 non

154 420 176 451 4
193 419 404 464 appareat,
420 413 518 464 quid
533 412 700 464 cupiat),
715 411 778 450 fac
793 411 892 449 mihi
905 411 1140 462 perscribas.
1194 409 1314 457 Quod
1327 409 1380 447 ad
1439 432 1448 441 .-

195 467 424 512 Caesarem,
450 467 579 504 crebri
607 471 651 504 et
677 479 758 504 non
784 465 879 503 belli
905 464 958 503 de
986 477 1034 502 eo
1061 475 1268 508 rumores;
1309 463 1381 501 sed
1447 470 1448 475 ’

194 526 463 559 susurratores
488 520 704 558 dumtaxat
727 522 924 564 veniunt3
961 517 1062 555 alius
1088 519 1269 568 equitem
1291 529 1381 567 per-

193 575 356 620 didisse,
370 574 478 625 quod
491 576 631 624 opinor
644 578 755 611 certe
767 572 922 610 factum
935 577 998 610 est
1015 583 1026 616 3
1052 571 1153 609 alius
1166 572 1380 621 septimam

194 628 396 679 legionem
415 627 626 678 vapulasse
644 639 654 672 ;
687 629 820 677 ipsum
840 625 949 676 apud
967 624 1196 663 Bellovacos
1216 626 1381 662 circum-

194 682 340 727 sederi,
354 681 616 720 interclusum
629 681 682 719 ab
696 680 850 731 reliquo
865 681 1046 717 exercitu
1063 691 1074 723 3
1102 691 1236 728 neque
1250 677 1381 716 adhuc
1444 718 1448 719 ⁷

194 738 295 774 certi
315 736 537 786 quidquam
558 740 634 780 est,
654 747 788 785 neque
808 733 909 771 haec
928 735 1083 770 incerta
1102 737 1241 770 tamen
1260 730 1381 782 vulgo
1443 759 1445 763 «

194 792 409 836 iactantur,
443 789 516 827 sed
548 791 652 826 inter
686 800 849 838 paucos,
883 799 982 837 quos
1014 792 1062 823 tu
1094 788 1214 830 nosti,
1245 784 1381 836 palam
1440 780 1448 816 '⁹1

194 849 350 882 secreto
379 848 603 880 narrantur.
659 842 716 879 At
746 841 962 884 Domitius,
984 852 1077 878 cum
1098 845 1245 877 manus
1263 838 1316 876 ad
1337 851 1381 876 os

154 903 176 935 5
194 899 382 947 apposuit
401 897 408 934 Ξ
461 896 520 934 Te
542 909 581 934 a.
603 896 642 933 d.
667 908 720 933 1x.
746 894 837 932 Kal.
862 894 966 931 Iunii
988 893 1235 931 subrostrani
1257 891 1381 943 (quod

194 951 351 988 illorum
369 953 491 1000 capiti
509 952 562 987 sit
580 950 606 1000 l)
625 949 866 999 dissiparant
881 950 1062 998 periisse,
1079 952 1127 985 ut
1143 948 1186 983 in
1204 945 1317 984 Urbe
1333 958 1381 983 ac

194 1004 280 1042 foro
302 1010 390 1042 toto
412 1006 610 1041 maximus
630 1016 766 1040 rumor
785 1001 923 1047 fuerit,
944 1006 988 1039 te
1010 1014 1033 1038 a
1054 1000 1106 1047 Q.
1127 999 1319 1050 Pompeio
1338 1001 1381 1036 in

196 1061 341 1096 itinere
378 1060 564 1096 occisum.
617 1057 720 1107 Ego,
757 1059 826 1106 qui
863 1057 1019 1099 scirem,
1056 1054 1108 1101 Q.
1145 1053 1381 1103 Pompeium

197 1111 330 1150 Baulis
373 1109 611 1160 πεινητικὴν1
649 1110 798 1154 facere,
839 1114 881 1147 et
931 1120 1059 1158 usque
1106 1120 1168 1152 eo,
1208 1112 1255 1144 ut
1305 1118 1381 1157 ego

196 1168 407 1203 misererer
433 1167 532 1210 eius,
553 1166 716 1208 esurire,
739 1176 821 1200 non
847 1176 936 1200 sum
962 1166 1210 1205 commotus3
1239 1165 1283 1198 et
1306 1159 1382 1197 hoc

195 1219 420 1264 mendacio,
446 1220 479 1256 si
506 1231 586 1268 qua
611 1216 789 1267 pericula
815 1216 891 1254 tibi
917 1214 1213 1265 impenderent,
1240 1218 1287 1251 ut
1313 1213 1382 1251 de-

242 1289 255 1308 ²
281 1288 334 1321 Sc.
359 1288 478 1326 τεχνήν
501 1286 616 1318 Klotz.
672 1285 744 1317 But
771 1284 816 1316 M
835 1283 1018 1325 (σον-νοσεῖς]
1031 1283 1062 1324 ἒ)
1086 1283 1148 1315 has
1172 1281 1383 1315 embaeneti-

197 1343 276 1365 cam
293 1331 353 1373 (80.
370 1329 509 1370 artem),
527 1329 547 1342 “
564 1329 595 1361 is
612 1328 651 1361 in
667 1328 722 1360 the
730 1327 959 1370 fishiny-boat
976 1325 1167 1360 basium?

206 1377 1372 1392 —-—-—-—--————

220 1405 261 1476 ἧς
283 1401 377 1433 That
402 1400 447 1432 he
472 1410 544 1432 was
569 1398 655 1431 slow
679 1397 751 1430 and
782 1396 981 1433 inefficient,
1002 1398 1024 1412 “
1037 1394 1160 1427 tardus
1189 1397 1225 1427 et
1253 1404 1381 1436 parum

198 1455 218 1477 e
257 1443 357 1477 cax.''

246 1488 259 1508 ⁶
282 1487 352 1524 i.e.,
374 1496 414 1519 as
442 1497 464 1518 a
493 1486 572 1527 sign
595 1484 636 1518 of
659 1493 810 1525 secrecy.
858 1481 960 1515 After
981 1479 1160 1514 Domitim
1181 1479 1382 1521 something

201 1529 274 1563 like
301 1532 426 1562 narrat
453 1532 548 1561 must
577 1528 622 1561 be
652 1526 827 1569 supplied.
868 1525 954 1558 This
980 1524 1161 1557 Domitius
1191 1524 1219 1555 is
1250 1522 1382 1555 Lucius

202 1573 381 1606 Domitius
405 1570 679 1608 Ahenobarbus,
703 1570 783 1602 who
807 1567 960 1601 married
984 1566 1121 1605 Porcia,
1143 1566 1246 1598 sister
1265 1565 1307 1598 of
1327 1564 1380 1597 M.

203 1616 305 1649 Cato.
354 1615 411 1647 He
437 1625 509 1647 was
535 1625 556 1646 a
582 1612 731 1646 faithful
762 1615 950 1654 supportet
972 1609 1013 1643 of
1039 1609 1101 1642 the
1127 1607 1383 1641 aristocratical

205 1662 322 1701 party.
370 1657 427 1690 He
442 1667 514 1690 was
531 1656 643 1689 aedile
667 1657 703 1688 in
727 1658 782 1694 61,
806 1657 949 1696 praetor
972 1653 1008 1686 in
1032 1654 1086 1691 58,
1106 1651 1178 1685 and
1201 1650 1324 1683 consul
1346 1651 1382 1683 in

206 1705 261 1735 54.
309 1701 426 1734 When
441 1700 501 1733 the
517 1699 608 1732 Civil
622 1699 710 1731 War
724 1697 837 1730 broke
855 1700 918 1730 out
939 1697 975 1729 in
994 1697 1036 1727 49
1052 1695 1096 1727 he
1115 1694 1227 1728 threw
1242 1692 1385 1726 himself

207 1747 282 1778 into
297 1743 506 1781 Corfinium,
523 1743 588 1775 but
604 1741 658 1774 his
673 1752 752 1774 own
772 1744 894 1782 troops
909 1738 1029 1772 forced
1048 1738 1121 1771 him
1140 1740 1177 1770 to
1194 1736 1384 1769 surrender-

206 1792 243 1821 to
259 1787 401 1821 Caesar.
451 1786 508 1819 He
522 1785 607 1818 then
621 1787 714 1817 went
731 1787 767 1816 to
782 1782 956 1819 Massilia,
970 1781 1043 1814 and
1055 1791 1102 1813 on
1117 1780 1179 1812 the
1193 1779 1383 1812 sui-render

206 1831 248 1864 of
266 1830 344 1863 that
366 1833 473 1867 town,
485 1828 607 1870 joined
631 1827 792 1868 Pompey
818 1827 853 1858 in
878 1824 1021 1857 Greece.
1070 1823 1127 1855 He
1146 1821 1383 1855 commanded

207 1874 266 1907 the
290 1873 352 1906 lest
374 1874 471 1915 wing
493 1873 529 1904 in
553 1871 614 1904 the
636 1869 748 1903 battle
771 1869 812 1902 of
834 1867 1030 1904 Pharsalia,
1057 1867 1092 1899 in
1117 1865 1230 1898 which
1253 1864 1299 1898 he
1321 1863 1382 1897 fell

206 1916 417 1958 (according
432 1918 470 1948 to
485 1914 624 1956 Cicero)
638 1913 688 1955 by
702 1912 764 1945 the
779 1910 876 1944 hand
892 1910 933 1943 of
945 1910 1106 1951 Antony.

210 1973 282 2006 102
