1448 2236
676 70 878 110 CICERO

141 183 163 215 6
180 177 408 217 hominibus
445 177 532 216 dari
567 190 685 228 posse
722 178 865 215 sinam.
919 175 979 215 Ut
1015 177 1241 214 exercitum
1275 174 1371 214 locis

181 239 354 278 habeam
387 241 637 290 opportunis,
669 240 915 289 provinciam
946 243 1080 284 tuear,
1114 239 1273 276 etiamsi
1304 236 1371 275 ille

182 304 384 340 exercitus
411 301 614 346 descierit,
640 302 857 351 omniaque
882 302 1044 351 integra
1068 312 1240 345 servem,
1266 299 1372 337 dabo

181 376 362 415 operam,
374 363 509 414 quoad
523 364 724 401 exercitus
736 362 814 400 huc
827 364 1090 401 summittatis
1104 363 1273 412 parique
1285 359 1372 398 feli-

182 427 309 464 citate
333 424 626 476 rempublicam
650 423 714 462 hic
737 423 961 462 vindicetis.
1015 423 1101 462 Nec
1123 423 1372 474 depugnare,

182 489 216 526 si
251 489 406 526 occasio
440 486 596 531 tulerit,
631 499 706 524 nec
748 486 936 531 obsideri,
965 487 999 524 si
1039 498 1205 524 neeesse
1235 483 1373 529 fuerit,

183 562 259 587 nec
284 551 400 594 mori,
428 551 461 586 si
487 561 602 586 casus
628 548 830 594 inciderit,
854 560 928 598 pro
954 548 1066 586 vobis
1092 549 1270 598 paratior
1295 545 1373 583 fuit

183 614 411 662 quisquam.
466 609 602 657 Quare
631 609 770 648 hortor
797 615 855 654 te,
883 611 940 647 mi
968 609 1122 654 Cicero,
1151 610 1372 647 exercitum

183 672 260 711 huc
275 672 543 711 traiciendum
556 685 679 722 quam
693 674 868 722 primum
883 684 997 709 cures
1014 676 1058 710 et
1070 676 1250 709 matures
1264 671 1373 720 prius

186 747 309 786 quam
337 734 475 772 hostes
503 736 631 785 magis
659 734 967 772 corroborentur
995 738 1040 771 et
1065 734 1192 771 nostri
1217 737 1375 782 pertur-

186 797 349 835 bentur.
404 795 453 833 In
475 808 554 846 quo
575 797 609 833 si
629 795 815 833 celeritas
838 797 916 833 erit
937 794 1132 839 adhibita,
1151 793 1376 844 respublica

184 861 226 896 in
236 860 488 909 possessione
501 859 706 902 victoriae,
719 856 864 895 deletis
876 856 1095 902 sceleratis,
1105 855 1372 907 permanebit.

147 926 166 957 7
187 920 268 958 Fac
306 919 455 965 valeas,
493 932 643 970 meque
680 919 837 970 diligas.
891 918 1076 956 Fratrem
1112 930 1250 956 meum
1286 917 1376 961 tibi,

187 980 451 1020 fortissimum
463 983 593 1019 civem
606 986 649 1019 et
662 980 715 1018 ad
724 982 859 1018 omnia
868 982 1377 1031 paratissimum,excusem

187 1044 335 1083 litteris
353 1044 368 1081 ?
401 1045 470 1094 qui
488 1056 539 1081 ex
554 1042 694 1081 labore
710 1044 751 1080 in
768 1041 1004 1080 febriculam
1020 1041 1161 1080 incidit
1177 1040 1376 1079 assiduam

189 1111 233 1144 et
261 1107 359 1144 satis
388 1105 616 1143 molestam.
670 1103 773 1143 Cum
800 1106 975 1155 primum
1003 1106 1157 1155 poterit
1183 1105 1288 1142 istuc
1315 1114 1378 1140 re-

187 1181 363 1213 currere,
377 1181 459 1206 non
478 1167 698 1212 dubitabit,
717 1179 770 1204 ne
790 1179 870 1217 quo
887 1165 975 1204 loco
995 1165 1241 1217 reipublicae
1258 1164 1377 1203 desit.

191 1230 333 1268 Meam
349 1229 596 1280 dignitatem
611 1229 938 1267 commendatam
954 1227 1119 1273 habeas,
1134 1240 1246 1278 rogo.
1276 1225 1379 1264 Con·

190 1294 396 1343 cupiscere
419 1304 487 1329 me
512 1290 611 1328 nihil
635 1295 826 1341 oportet3
865 1290 996 1328 habeo
1019 1295 1064 1328 te
1089 1294 1133 1327 et
1157 1289 1380 1327 amantissi-

190 1367 303 1392 mum
321 1356 404 1392 mei
423 1358 481 1398 et,
499 1352 612 1404 quodv
627 1355 779 1403 optavi,
797 1365 980 1390 summae
999 1344 1266 1389 auctoritatis.
1317 1349 1380 1386 Tu

193 1416 354 1461 videris,
382 1420 581 1466 quantum
608 1419 652 1453 et
678 1414 840 1465 quando
865 1419 983 1452 tuum
1007 1425 1154 1451 munus
1180 1411 1289 1463 apud
1313 1423 1380 1448 me

193 1478 291 1516 velis
306 1491 407 1516 esse.
459 1477 638 1515 Tantum
650 1481 695 1514 te
707 1489 820 1527 rogo,
833 1478 875 1513 in
888 1475 996 1513 Hirti
1008 1474 1141 1514 locum
1153 1487 1220 1512 me
1233 1472 1380 1512 subdas

194 1545 238 1578 et
257 1540 309 1578 ad
327 1545 445 1577 tuum
465 1551 644 1577 amorem
665 1543 708 1576 et
727 1538 779 1576 ad
797 1550 932 1575 meam
951 1537 1263 1575 observantiam,

249 1741 263 1755 ‘¹
286 1735 371 1768 This
395 1736 424 1767 is
447 1734 557 1767 either
580 1744 603 1766 a
626 1734 813 1775 postscript
841 1735 878 1764 to
906 1732 967 1764 the
996 1730 1187 1774 preceding
1210 1729 1321 1767 letter,
1344 1738 1384 1762 or

200 1778 254 1819 (as
275 1777 411 1820 Tyrrell
434 1776 536 1810 takes
561 1777 588 1809 it
607 1779 646 1809 to
670 1775 731 1818 be)
751 1775 811 1808 the
833 1775 1027 1817 beginning
1048 1774 1089 1807 of
1107 1773 1254 1807 another
1271 1771 1389 1805 letter.
1420 1795 1423 1814 3

201 1821 260 1855 On
280 1821 340 1854 the
359 1820 467 1854 death
489 1820 530 1853 of
547 1819 607 1852 the
628 1818 768 1852 consuls
790 1818 911 1851 Cicero
929 1817 1000 1851 had
1015 1819 1152 1850 written
1173 1819 1210 1849 to
1233 1815 1383 1848 Plancus
1415 1828 1425 1850 1

201 1865 332 1907 urging
355 1864 429 1896 him
452 1866 490 1896 to
512 1862 599 1896 send
623 1860 718 1895 back
740 1863 778 1894 to
803 1861 917 1894 Rome
940 1860 994 1894 his
1017 1860 1171 1898 brother,
1199 1858 1383 1891 Munatius

203 1907 364 1946 Plancus,
381 1909 521 1949 praetor
537 1905 706 1944 urbanus,
721 1904 802 1937 who
822 1914 895 1937 was
916 1905 1056 1946 serving
1077 1913 1116 1937 as
1137 1901 1252 1946 legate
1271 1901 1308 1935 in
1329 1900 1390 1933 his*

202 1961 314 1993 army.
363 1950 416 1983 To
431 1949 508 1982 that
522 1948 622 1982 letter
636 1948 705 1981 this
720 1949 749 1981 is
764 1959 787 1980 a
802 1947 911 1990 reply.

203 2001 281 2041 362
