1448 2236
647 41 849 81 CICERO

152 160 234 186 non
253 146 363 186 fecit.
418 146 634 197 Pompeius
653 151 748 184 tuus
768 150 912 196 aperte
932 144 1149 184 Caesarem
1167 149 1282 184 vetat
1302 148 1347 183 et

150 204 397 252 provinciam
426 206 571 239 tenere
600 213 693 238 cum
723 201 904 238 exercitu
935 204 980 238 et
1007 197 1214 237 consulem
1244 210 1345 236 esse.

151 255 308 293 Tamen
333 254 438 293 hane
463 256 712 292 sententiam
737 253 854 299 dixit,
880 252 1036 291 nullum
1060 252 1136 291 hoc
1162 257 1347 302 tempore

153 307 550 346 senatusconsultum
561 307 811 352 faciendum3
836 306 968 357 Scipio
981 306 1100 352 hanc,
1112 310 1160 344 ut
1174 304 1346 343 Kalend.

156 362 318 400 Martiis
350 362 403 400 de
433 364 645 413 provinciis
679 360 832 406 Galliis,
861 373 943 398 neu
975 358 1074 411 q‘uid
1103 360 1348 398 coniunctim

153 415 387 454 referretur.
441 414 705 453 contristavit
723 414 824 453 haee
843 416 1049 452 sententia
1065 412 1237 450 Balbum
1254 410 1349 450 Cor-

154 469 306 507 nelium
341 474 385 507 et
418 471 513 514 scio,
549 482 643 507 eum
676 474 868 519 questum
902 480 990 506 esse
1023 480 1116 505 cum
1149 465 1348 516 Scipione.

155 522 331 561 Calidius
350 525 391 560 in
410 522 646 561 defensione
665 535 738 560 sua
761 521 841 560 fuit
858 522 1157 566 disertissimus,
1174 521 1217 557 in
1234 531 1350 557 accu-

104 628 106 630 ,
155 579 313 616 satione
331 579 429 615 satis
447 574 629 628 frigidus.

733 704 772 743 X

539 812 697 838 CAELIUS
725 811 909 837 CICERONI
935 811 968 838 S.

573 887 720 925 Romae,
737 897 844 919 A·U.c.
862 888 881 919 7
884 888 940 919 03.

121 970 136 1002 l
208 963 439 1015 Sanequam
478 963 625 1002 litteris
665 962 711 1000 C.
753 962 863 1000 Cassi
905 966 948 1000 et
989 961 1173 1000 Deiotari
1212 971 1349 999 sumus
1410 982 1431 997 ,ν

157 1021 362 1056 commoti.
417 1017 522 1055 Nam
552 1016 710 1055 Cassius
740 1019 795 1054 cis
825 1015 1063 1066 Euphraten
1092 1017 1226 1065 copias
1255 1013 1349 1051 Par-

157 1071 320 1110 thorum
342 1085 429 1110 esse
449 1073 606 1121 scripsit
624 1083 634 1116 ;
669 1070 901 1115 Deiotarus,
919 1068 1122 1120 profectas
1140 1080 1215 1119 per
1233 1067 1350 1105 Com-

157 1138 374 1176 magenem
420 1127 462 1163 in
509 1126 755 1175 provinciam
802 1128 994 1161 nostram.
1048 1122 1137 1173 Ego
1184 1120 1349 1172 quidem

156 1182 419 1230 praecipuum
437 1184 608 1223 metum,
628 1177 737 1228 quod
755 1177 808 1214 ad
826 1182 870 1214 te
888 1176 1108 1221 attinebat,
1125 1174 1263 1219 habui,
1281 1176 1350 1224 qui

157 1235 301 1271 scirem
324 1246 446 1283 quam
467 1237 633 1282 paratus
656 1231 708 1269 ab
732 1233 913 1268 exercitu
937 1242 1058 1275 esses,
1080 1241 1134 1267 ne
1156 1227 1265 1279 quod
1285 1227 1349 1264 hic

157 1285 357 1324 tumultus
376 1286 568 1337 dignitati
587 1291 684 1323 tuae
702 1283 925 1335 periculum
945 1282 1120 1321 afferret.
1173 1281 1279 1319 Nam
1297 1280 1349 1319 de

156 1343 255 1386 vita,
277 1343 310 1378 si
331 1341 509 1390 paratior
531 1339 584 1377 ab
607 1340 788 1376 exercitu
811 1350 932 1382 esses,
954 1338 1179 1375 timuissem
1197 1347 1207 1380 ;
1243 1347 1349 1372 nunc

157 1393 258 1432 haec
277 1396 478 1445 exiguitas
496 1395 701 1444 copiarum
717 1404 934 1436 recessum,
951 1403 1033 1428 non
1049 1389 1349 1428 dimicationem

157 1447 255 1485 mihi
282 1453 398 1486 tuam
423 1447 722 1498 praesagiebat.
776 1445 864 1483 Hoc
891 1443 1093 1495 quomodo
1118 1444 1350 1493 acciperent

209 1547 225 1563 ⁰
248 1543 363 1576 When
383 1542 445 1576 the
461 1552 674 1584 praenomen
696 1542 725 1574 is
746 1540 810 1574 left
829 1543 903 1579 out,
925 1538 1048 1572 Cicero
1067 1538 1197 1571 almost
1215 1537 1349 1579 always

162 1589 245 1629 puts
267 1586 329 1619 the
351 1596 536 1628 coynomen
559 1585 680 1618 before
703 1584 763 1617 the
786 1594 921 1622 nomen,
945 1593 985 1615 as
1009 1582 1115 1619 here;
1151 1580 1200 1624 cs.
1224 1580 1349 1614 Gallus

162 1629 358 1668 Caminius,
396 1628 514 1661 Ahala
551 1627 731 1666 Servilius,
768 1626 889 1668 Vespa
924 1625 1120 1659 Terentius.
1166 1623 1349 1657 Cornelius

164 1673 298 1706 Balbus
314 1682 386 1705 was
402 1670 563 1705 Caesar's
578 1674 679 1713 great
693 1669 809 1703 friend
826 1669 898 1711 (see
914 1670 961 1701 ix.
980 1669 1032 1701 17.
1052 1670 1082 1706 1,
1098 1666 1171 1700 and
1191 1668 1242 1700 19.
1262 1666 1308 1708 1).

209 1717 222 1737 ¹²
245 1716 361 1749 When
376 1714 527 1748 accused
542 1714 592 1756 by
606 1714 668 1747 the
682 1716 752 1746 two
769 1712 877 1746 Gauii
891 1711 964 1754 (see
979 1714 1062 1744 note
1077 1721 1124 1743 on
1139 1710 1211 1742 viii.
1227 1711 1261 1742 4.
1281 1709 1327 1751 1).

210 1764 223 1780 ⁶
246 1759 362 1792 When
381 1759 426 1791 he
444 1757 588 1808 himself
603 1755 754 1807 accused
774 1754 944 1806 Claudius
966 1753 1157 1786 Marcellus
1175 1752 1248 1804 (see
1266 1756 1349 1786 note

162 1802 321 1878 ἓέιὲᾱῖἶίε
338 1796 1159 1888 ({12ss²32Z'Zzssffferssrffesserfflgaissfssaeffiss}
1168 1796 1348 1880 Wyffssffne

208 1888 224 1908 ⁴¹
249 1888 306 1920 He
322 1898 445 1920 means
458 1887 547 1925 that,
559 1887 596 1919 in
611 1885 690 1919 that
699 1895 792 1922 case,
805 1884 928 1917 Cicero
938 1882 1056 1917 would
1071 1884 1135 1915 not
1148 1881 1295 1915 hesitate
1310 1884 1347 1914 to

163 1930 264 1974 fight,
281 1930 353 1964 and
369 1930 486 1963 would
502 1930 675 1962 therefore
690 1928 735 1962 be
750 1927 852 1960 slain.

172 1988 243 2022 148
