1448 2236
684 72 886 112 CICERO

187 177 346 227 impetu
373 179 503 227 primo
531 177 746 229 fugaverat
772 178 975 230 legionem
1003 190 1117 216 xxxv.
1143 178 1311 224 Antoni,
1329 183 1376 217 ut

189 241 359 292 amplius
396 255 537 292 passus
574 245 818 294 quingentos
857 243 964 282 ultra
999 245 1141 289 aciem,
1173 256 1253 295 quo
1288 242 1375 282 loco

188 311 376 352 steterat,
403 310 657 358 processerit.
712 307 859 359 Itaque
886 321 979 346 cum
1008 310 1167 359 equites
1194 312 1375 347 nostrum

187 384 312 409 cornu
339 374 505 411 circuire
532 372 699 418 vellent,
727 375 908 424 recipere
935 386 1003 411 me
1030 375 1146 424 coepi
1174 378 1219 411 et
1243 373 1375 411 levem

190 442 437 475 armaturam
450 450 655 488 opponere
670 438 907 477 Maurorum
921 438 1139 489 equitibus,
1152 451 1204 476 ne
1218 451 1375 476 aversos

187 507 344 540 nostros
365 503 698 553 aggrederentur.
752 503 922 542 Interim
940 503 1059 542 video
1077 516 1144 541 me
1164 515 1251 541 esse
1268 505 1376 541 inter

187 566 440 605 Antonianos
472 567 779 619 Antoniumque
809 573 903 619 post
933 581 1002 606 me
1034 581 1122 607 esse
1155 567 1375 619 aliquanto.

187 630 375 682 Repente
405 646 554 683 equum
582 635 729 671 immisi
757 633 810 672 ad
838 646 929 671 eam
955 633 1155 684 legionem
1185 635 1375 678 tironum,

187 710 293 747 quae
322 698 514 735 veniebat
545 711 595 735 ex
622 699 776 743 castris,
799 703 913 736 scuto
935 700 1102 736 reiecto.
1153 697 1374 736 Antoniani

186 774 254 800 me
280 764 466 812 insequi3
508 764 633 800 nostri
661 762 744 813 pila
769 765 952 801 conicere
978 762 1095 801 velle.
1150 762 1216 801 Ita
1241 764 1375 800 nescio
1446 762 1448 768 '

187 839 267 877 quo
303 825 390 865 fato
425 840 514 865 sum
551 833 748 873 servatus,
785 827 894 878 quod
929 841 1018 865 sum
1053 829 1134 866 cito
1170 840 1195 865 a
1229 829 1374 865 nostris

147 896 168 927 4
187 894 386 943 cognitus.
441 892 489 930 In
533 895 621 942 ipsa
664 892 852 937 Aemilia,
897 893 966 930 ubi
1009 891 1149 930 cohors
1193 891 1375 930 Caesaris
1445 901 1448 910 ²

185 958 390 1007 praetoria
408 962 510 1002 erat,
527 957 597 995 diu
613 962 842 1008 pugnatum
860 963 935 995 est.
989 956 1124 995 Cornu
1140 958 1375 1002 sinisterius,
1444 978 1448 996 .·

187 1021 296 1071 quod
341 1027 430 1060 erat
472 1021 680 1067 infirmius,
724 1022 793 1060 ubi
839 1021 1016 1060 Martiae
1058 1021 1227 1072 legionis
1269 1021 1375 1059 duae
1443 1025 1448 1052 i

184 1085 371 1124 cohortes
402 1092 532 1131 erant,
562 1092 606 1124 et
633 1086 773 1124 cohors
802 1088 1019 1137 praetoria,
1046 1086 1195 1137 pedem
1222 1084 1375 1124 referre
1443 1132 1448 1145 1

185 1156 423 1201 coeperunt,
453 1151 562 1202 quod
591 1151 643 1189 ab
674 1153 861 1202 equitatu
889 1151 1173 1196 circuibantur,
1202 1163 1283 1202 quo
1310 1149 1375 1188 vel
1442 1175 1448 1207 3-

184 1215 401 1266 plurimum
429 1216 539 1254 valet
566 1216 781 1254 Antonius.
836 1215 939 1254 Cum
966 1229 1105 1254 omnes
1132 1229 1176 1254 se
1203 1217 1375 1266 recepis-
1440 1221 1448 1265 ξ

185 1286 279 1319 sent
299 1283 425 1319 nostri
447 1281 621 1326 ordines,
642 1283 823 1332 recipere
843 1294 911 1319 me
931 1282 1167 1319 novissimus
1187 1282 1303 1331 coepi
1324 1279 1376 1318 ad

184 1351 331 1384 castra.
384 1346 600 1391 Antonius,
617 1351 829 1396 tamquam
846 1348 987 1391 victor,
1004 1351 1138 1384 castra
1152 1346 1314 1396 putavit
1330 1357 1374 1383 se
1439 1375 1448 1398 Ξ

184 1423 303 1461 posse
325 1423 485 1461 capere.
538 1409 629 1458 Quo
650 1423 745 1448 ‚cum
767 1413 893 1456 venit,
915 1409 1140 1460 complures
1161 1410 1218 1447 ibi
1241 1411 1375 1447 amisit
1441 1408 1448 1419 ²

185 1488 261 1512 nec
298 1477 384 1526 egit
421 1475 655 1526 quidquam.
709 1475 864 1513 Audita
897 1488 956 1520 re,
993 1474 1148 1513 Hirtius
1183 1487 1276 1512 cum
1310 1487 1374 1512 co-

186 1539 368 1578 hortibus
398 1542 542 1590 viginti
572 1542 774 1578 veteranis
803 1540 992 1577 redeunti
1022 1539 1201 1578 Antonio
1230 1541 1273 1576 in
1301 1551 1374 1576 sua

187 1610 319 1642 castra
372 1607 558 1650 occurrit,
610 1607 827 1655 copiasque
879 1606 964 1643 eius
1014 1617 1154 1642 omnes
1207 1603 1373 1649 delevit,

186 1668 344 1720 fugavit
370 1669 515 1707 eodem
544 1669 646 1714 loco,
668 1669 738 1707 ubi
768 1674 858 1707 erat
881 1674 1123 1720 pugnatum,
1146 1668 1198 1706 ad
1226 1668 1373 1706 Forum

187 1734 408 1772 Gallorum.
462 1734 663 1772 Antonius
710 1747 803 1771 cum
851 1734 1054 1784 equitibus
1101 1733 1200 1771 hora
1244 1735 1373 1771 noctis
1428 1734 1431 1735 ⁷

147 1804 168 1836 5
187 1805 333 1849 quarta
351 1812 395 1837 se
413 1801 455 1836 in
473 1804 606 1836 castra
624 1811 697 1836 sua
716 1798 768 1836 ad
789 1798 994 1836 Mutinam
1011 1800 1179 1848 recepit.
1217 1797 1373 1835 Hirtius

186 1866 228 1901 in
262 1877 311 1901 ea
342 1869 475 1902 castra
506 1863 642 1909 rediit,
670 1863 779 1902 unde
812 1862 944 1901 Pansa
977 1865 1148 1908 exierat,
1176 1863 1246 1901 ubi
1272 1862 1372 1900 duas
1426 1863 1428 1866 ’

190 2008 268 2053 396
