1448 2236
653 43 855 84 CICERO

158 145 313 196 pedire,
333 151 377 184 et
405 160 527 197 quam
547 147 622 186 hoc
641 148 790 186 Caesar
811 151 934 199 iique,
953 151 1022 200 qui
1043 147 1103 187 in²
1120 161 1194 187 sua
1225 161 1344 187 causa

157 199 448 249 rempublicam
467 215 549 239 non
568 208 724 248 curent,
744 202 942 253 sperent‚²
960 216 1040 241 non
1060 209 1104 240 te
1123 202 1240 240 fallit.

539 520 698 546 CAELrus
726 521 909 546 CICERONI
934 520 968 550 S·

572 610 720 650 Romae,
737 622 843 644 A.u.c.
861 614 939 645 704.

120 701 138 734 1
208 693 300 731 Non
332 694 474 732 dubito
507 698 604 745 quin
635 695 837 745 perlatum
870 696 922 734 ad
952 701 996 734 te
1027 698 1081 735 sit
1112 696 1290 747 Appium
1321 710 1346 735 a

158 747 370 785 Dolabella
398 761 511 785 reum
541 747 708 793 factum,
733 762 954 800 sanequam
977 763 1058 787 non
1083 763 1145 796 ea,
1169 763 1249 801 qua
1278 764 1345 788 ex-

158 803 444 846 istimaveram,
471 802 633 840 invidia.
687 802 831 852 Neque
868 805 975 840 enim
1009 803 1134 841 stulte
1162 805 1345 854 Appius3

158 857 240 905 qui‚
258 855 375 892 simul
391 860 517 905 atque
536 855 747 893 Dolabella
765 859 931 893 accessit
949 856 1001 894 ad
1017 857 1207 901 tribunal,
1224 860 1346 895 intro-

158 910 262 946 ierat
275 910 317 945 in
333 908 487 946 Urbem
507 909 781 959 triumphique
800 910 1115 959 postulationem
1130 911 1343 949 abiecerat.

158 961 249 1009 Quo
276 961 386 999 facto
413 962 588 1000 rettudit
616 975 834 1009 sermones,
853 966 1111 1014 paratiorque
1135 967 1241 1002 visus
1270 970 1345 1009 est,

158 1028 281 1066 quam
300 1021 534 1065 speraverat
553 1022 771 1054 accusator.
827 1017 866 1054 Is
884 1030 990 1055 nunc
1007 1019 1050 1054 in
1067 1023 1110 1055 te
1128 1020 1346 1055 maximam

158 1081 273 1119 spem
300 1069 439 1106 habet.
493 1068 581 1107 Scio
609 1071 683 1107 tibi
713 1082 806 1107 eum
833 1084 913 1108 non
942 1083 1029 1109 esse
1057 1071 1161 1109 odio.
1214 1071 1346 1118 Quam

158 1122 256 1160 velis
275 1135 368 1160 eum
386 1122 579 1173 obligare,
597 1125 638 1160 in
655 1129 728 1161 tua
745 1137 867 1161 manu
886 1129 949 1162 est
966 1136 977 1169 ;
1008 1138 1099 1162 cum
1117 1137 1196 1175 quo
1213 1124 1347 1162 simul-

158 1181 222 1214 tas
246 1178 278 1214 si
303 1177 377 1214 tibi
401 1190 482 1214 non
506 1176 662 1222 fuisset,
686 1176 848 1215 liberius
873 1178 948 1215 tibi
971 1178 1023 1215 de
1046 1183 1136 1216 tota
1158 1190 1202 1216 re
1227 1183 1346 1216 esset.

159 1229 276 1267 Nunc
300 1232 332 1267 si
356 1229 408 1267 ad
441 1229 548 1267 illam
573 1243 771 1268 summam
795 1233 1010 1268 veritatem
1037 1230 1264 1282 legitimum
1286 1234 1346 1269 ius

160 1286 358 1333 exegeris,
377 1283 601 1321 cavendum
620 1285 694 1321 tibi
715 1286 804 1329 erit,
823 1297 875 1322 ne
892 1297 1036 1334 pamm
1054 1284 1287 1335 simpliciter
1305 1290 1348 1323 et

159 1337 329 1374 candide
356 1339 536 1387 posuisse
563 1340 790 1375 inimicitias
817 1338 1001 1376 videaris.
1055 1338 1104 1376 In
1130 1338 1233 1376 hanc
1257 1351 1348 1389 par-

159 1395 245 1428 tem
261 1403 380 1440 porro
397 1395 535 1428 tutum
552 1391 627 1428 tibi
646 1393 736 1436 erit,
753 1393 786 1429 si
804 1391 901 1442 quid
918 1391 1102 1437 volueris,
1119 1391 1347 1442 gratificari.

161 1443 291 1481 Nemo
317 1446 424 1481 enim
449 1445 746 1482 necessitudine
773 1450 815 1482 et
839 1447 1016 1483 amicitia
1040 1450 1083 1483 te
1108 1445 1348 1484 deterritum

121 1501 142 1533 2
161 1497 213 1535 ab
235 1497 362 1535 officio
386 1497 502 1536 dicet.
562 1497 667 1536 Illud
690 1498 788 1536 mihi
811 1501 996 1544 occurrit,
1020 1499 1129 1549 quod
1151 1501 1258 1537 inter
1278 1512 1349 1549 po-

211 1582 224 1602 ²
246 1582 405 1617 Inserted
421 1583 463 1626 by
482 1584 630 1626 Tyrrell.
869 1583 882 1604 ²
907 1584 1043 1618 Orelli=
1067 1588 1208 1627 superet
1222 1593 1305 1618 uss.

209 1707 225 1723 ⁶
247 1702 306 1736 On
340 1713 364 1736 a
397 1703 529 1745 charge
563 1704 603 1736 of
634 1704 809 1742 maiestas,
842 1703 1035 1737 connected
1063 1704 1148 1737 with
1180 1702 1349 1746 Appius's

164 1745 450 1780 administration
475 1747 516 1780 of
537 1746 670 1780 Cilicia.
717 1747 792 1779 The
816 1747 961 1780 defence
984 1757 1057 1780 was
1079 1746 1277 1780 conducted
1298 1746 1347 1789 by

163 1788 375 1823 Hortensius
390 1789 463 1823 and
481 1790 623 1829 Brutus.
639 1789 710 1822 and
727 1790 868 1832 Appius
884 1800 956 1822 was
970 1789 1162 1831 acquitted.

216 1832 231 1853 ὓ
253 1833 305 1865 As
321 1844 342 1865 a
357 1833 589 1867 commander
604 1833 684 1866 who
699 1832 850 1866 claimed
866 1843 887 1864 a
903 1831 1061 1874 triumph
1077 1832 1147 1866 had
1161 1836 1198 1866 to
1213 1833 1347 1865 remain

166 1875 310 1950 flufflde
325 1876 385 1909 the
400 1877 485 1921 city.
503 1876 547 1911 he
563 1875 680 1910 would
700 1875 970 1918 automatically
992 1875 1185 1918 disqualify
1207 1874 1352 1908 himself

192 1927 216 1959 y
231 1920 404 1962 entering.

165 1972 240 2007 120
