1430 2242
636 45 836 85 CICERO

140 148 420 194 subinvitaras,
439 151 472 187 si
492 153 686 188 memoria
705 156 835 197 tenes,
855 156 902 190 ut
920 152 973 190 ad
992 158 1036 190 te
1055 152 1206 204 aliquid
1225 156 1327 192 eius-

139 204 248 243 modi
275 206 504 251 scriberem,
533 219 613 256 quo
640 209 771 245 minus
799 213 842 245 te
869 211 1186 258 praetermisisse
1212 209 1326 248 ludos

138 263 382 310 poeniteret.
435 261 555 309 Quod
588 265 621 300 si
655 269 861 302 assecutus
895 277 998 311 sum,
1031 265 1190 316 gaudeo
1208 277 1218 311 ;
1266 269 1326 304 sin
1417 273 1430 292 ¹

138 319 284 362 minus,
300 316 374 355 hoe
390 331 457 355 me
472 323 612 356 tamen
627 319 820 366 consolor,
836 319 946 371 quod
959 320 1128 371 posthac
1143 321 1197 360 ad
1210 321 1324 360 ludos

138 375 288 418 venies,
305 386 458 425 nosque
474 377 591 420 vises,
607 388 741 427 neque
756 378 799 414 in
815 376 992 427 epistolis
1007 377 1209 428 relinques
1225 380 1325 416 meis

138 440 254 479 spem
270 429 447 481 aliquam
465 430 744 470 delectationis
763 437 874 472 tuae.

711 590 751 628 II

466 707 511 735 Μ.
539 709 577 735 Τ.
604 710 638 735 C.
666 709 697 735 S.
726 710 765 736 D.
793 710 838 736 Μ.
866 710 992 736 MARlo

548 791 695 831 Romae,
711 803 818 825 A.U.c.
837 795 914 825 702.

99 871 114 903 1
185 866 428 906 Mandatum
465 873 583 906 tuum
615 869 763 907 curabo
802 869 1030 920 diligenter.
1083 869 1165 909 Sed
1202 870 1321 908 homo

133 928 276 962 acutus
303 926 340 962 ei
365 924 567 963 mandasti
591 927 858 975 potissimum,
883 929 946 964 cui
973 927 1198 977 expediret,
1223 927 1320 965 illud

134 982 270 1018 venire
293 993 415 1031 quam
436 980 621 1031 plurimo.
674 981 755 1020 Sed
778 994 826 1019 eo
848 982 981 1020 vidisti
1003 982 1191 1028 multum,
1213 983 1320 1034 quod

132 1035 368 1085 praefinisti,
403 1049 482 1087 quo
516 1050 568 1074 ne
601 1036 724 1087 pluris
760 1049 951 1076 emerem.
1004 1038 1125 1086 Quod
1157 1040 1190 1076 si
1223 1037 1319 1076 mihi

132 1095 392 1141 permisisses,
424 1095 492 1143 qui
522 1106 636 1131 meus
667 1107 779 1131 amor
808 1096 851 1131 in
879 1099 923 1132 te
955 1099 1030 1140 est,
1060 1094 1319 1132 confecissem

133 1162 226 1186 cum
254 1149 545 1195 coheredibus;
591 1163 710 1195 nunc,
740 1163 832 1188 cum
862 1155 979 1189 tuum
1008 1154 1186 1201 pretium
1214 1154 1319 1196 novi,

133 1204 403 1243 illicitatorem
414 1208 549 1256 potius
562 1219 724 1256 ponam,
738 1219 861 1257 quam
873 1206 971 1245 illud
984 1209 1145 1245 minoris
1158 1213 1318 1246 veneat.

132 1260 214 1299 Sed
234 1261 286 1299 de
307 1264 393 1299 ioco
416 1264 512 1300 satis
535 1267 610 1300 est.
663 1263 796 1300 Tuum
816 1265 1027 1313 negotium
1047 1276 1181 1314 agam,
1203 1266 1319 1302 sicuti

93 1322 113 1353 2
132 1317 276 1363 debeo,
298 1317 527 1369 diligenter.
581 1319 646 1356 De
667 1319 793 1357 Bursa
814 1324 858 1357 te
878 1319 1057 1370 gaudere
1078 1325 1190 1358 certo
1210 1323 1318 1366 scio3

133 1374 206 1412 sed
234 1377 350 1412 nimis
380 1375 606 1413 verecunde
637 1375 734 1414 mihi
763 1375 989 1426 gratularis.
1043 1375 1167 1414 Putas
1198 1378 1319 1421 enim,

134 1436 180 1468 ut
198 1432 348 1477 scribis,
366 1437 533 1482 propter
550 1431 720 1469 hominis
740 1432 875 1470 sordes
894 1434 1025 1470 minus
1043 1445 1110 1470 me
1128 1445 1318 1483 magnam

132 1486 241 1524 illam
272 1486 471 1524 laetitiam
502 1493 661 1537 putare.
715 1486 864 1527 Credas
896 1487 994 1527 mihi
1024 1487 1158 1534 velim,
1190 1490 1317 1539 magis

181 1628 359 1661 “Marius
390 1627 461 1661 had
493 1629 763 1662 commissioned
796 1629 918 1662 Cicero
948 1632 986 1663 to
1016 1629 1190 1672 purchase
1220 1640 1318 1663 some

134 1675 303 1714 property
317 1671 373 1704 for
389 1671 475 1709 him,
492 1672 703 1714 apparently
719 1672 914 1715 forgetting
929 1673 1007 1705 that
1024 1672 1146 1706 Cicero
1162 1683 1234 1705 was
1250 1683 1318 1706 one

135 1715 175 1747 of
186 1715 246 1748 the
260 1715 352 1748 heirs
365 1717 404 1747 to
417 1715 495 1747 that
509 1718 688 1756 property.

181 1759 194 1779 ⁶
218 1758 259 1790 Τ
280 1757 465 1790 Munatius
484 1758 635 1791 Plancus
655 1757 780 1796 Bursa,
798 1758 916 1791 whom
935 1757 1056 1791 Cicero
1074 1757 1146 1791 had
1164 1768 1317 1791 success-

134 1800 225 1842 fully
236 1800 443 1843 prosecuted
459 1801 500 1833 de
516 1801 564 1840 vi,
581 1801 617 1833 in
633 1802 722 1843 spite
734 1800 774 1833 of
787 1800 975 1843 Pompey's
991 1801 1174 1833 influence.
1203 1799 1317 1834 Bursa

136 1843 207 1876 had
221 1843 277 1876 led
290 1844 351 1877 the
370 1845 455 1877 riots
474 1843 552 1876 that
570 1843 733 1877 followed
747 1854 793 1876 on
813 1844 873 1877 the
893 1843 1000 1876 death
1015 1843 1055 1877 of
1072 1843 1228 1883 Clodius,
1243 1844 1315 1876 and

135 1887 195 1937 the
216 1887 373 1929 burning
394 1887 434 1920 of
456 1887 516 1920 the
545 1885 657 1920 Curia
679 1886 848 1920 Hostilia.
897 1886 953 1919 He
976 1897 1048 1919 was
1071 1886 1224 1920 Cicero's
1245 1886 1315 1920 ὸέιε

134 1940 242 1962 notre.

140 1993 188 2027 10
