1448 2236
665 42 867 82 CICERO

170 150 307 184 movet
318 145 482 197 aliquid,
494 148 575 184 scio
589 160 671 184 non
682 147 927 186 mediocrem
939 147 1027 186 fore
1041 152 1356 190 contentionem.

169 215 278 254 Tuus
301 229 419 266 porro
445 219 645 254 exercitus
668 219 735 255 vix
759 230 885 255 unum
908 217 1056 256 saltum
1079 222 1186 258 tueri
1208 226 1358 270 potest.

171 285 287 324 Hanc
314 292 454 324 autem
479 299 600 324 nemo
626 287 738 325 ducit
764 290 991 334 rationem;
1031 290 1104 328 sed
1130 293 1264 328 omm'a
1290 291 1359 330 de·
1429 319 1430 322 =

171 356 398 394 siderantur
424 357 476 394 ab
504 370 566 402 eo,
593 362 802 408 tamquam
828 357 925 395 nihil
952 358 1201 410 denegatum
1230 363 1283 399 sit
1308 364 1360 408 ei,

171 439 251 477 quo
286 429 417 465 minus
455 440 578 477 quam
616 430 892 477 paratissimus
934 434 1055 474 esset,
1091 432 1160 480 qui
1199 430 1358 481 publico

132 502 153 534 2
171 499 336 548 negotio
359 500 610 548 praepositus
641 503 716 536 est.
770 498 940 536 Accedit
964 498 1043 537 huc
1071 500 1179 550 quod
1207 514 1359 539 succes-

171 569 325 605 sionem
357 566 550 612 futuram,
582 574 749 618 propter
782 567 1003 606 Galliarum
1035 573 1358 617 controversiam,

169 650 250 675 non
271 637 401 676 video.
454 637 635 675 Tametsi
657 638 731 675 hac
753 638 805 676 de
826 651 870 676 re
891 644 992 689 puto
1015 645 1058 677 te
1080 643 1359 687 constitutum,

169 707 265 758 quid
303 707 482 745 facturus
522 721 643 754 esses,
672 707 836 755 habere,
865 714 1018 755 tamen,
1047 723 1126 760 quo
1164 713 1357 750 maturius

167 780 447 823 constitueres,
471 791 563 816 cum
587 778 693 816 hunc
721 784 913 816 eventum
937 780 1212 830 providebam,
1231 784 1358 819 visum
1426 824 1428 826 v

169 853 232 885 est
271 853 319 886 ut
358 853 402 886 te
442 847 620 886 facerem
659 850 886 887 certiorem.
953 849 1068 888 Nosti
1112 853 1219 888 enim
1258 851 1357 890 haec

168 917 386 962 tralaticia;
406 918 457 956 de
466 918 604 956 Galliis
617 921 906 964 constituetur-3
927 922 1017 965 erit,
1030 923 1099 971 qui
1112 921 1356 967 intercedam

167 988 314 1026 deinde
330 987 429 1026 alius
446 991 629 1033 exsistet,
645 991 727 1039 qui,
742 991 816 1026 nisi
830 988 956 1027 libere
975 989 1095 1028 liceat
1109 990 1161 1028 de
1176 992 1357 1030 omnibus

165 1061 377 1109 provinciis
400 1058 618 1096 decernere
641 1061 814 1104 senatui,
836 1058 1010 1110 reliquas
1033 1060 1241 1110 impediat.
1293 1061 1357 1100 Sic

165 1127 340 1166 multum
364 1141 410 1166 ac
434 1128 503 1166 diu
526 1127 703 1174 ludetur,
728 1134 852 1179 atque
876 1131 935 1167 ita
958 1130 1041 1175 diu,
1065 1135 1112 1168 ut
1134 1130 1223 1181 plus
1246 1131 1357 1169 bien-

127 1203 148 1236 3
165 1200 278 1235 nium
293 1200 334 1235 in
349 1197 410 1236 his
426 1200 534 1236 tricis
550 1203 743 1236 moretur.
796 1197 836 1236 Si
853 1199 950 1249 quid
965 1202 1057 1240 novi
1072 1200 1124 1238 de
1139 1200 1356 1251 republica,

166 1268 272 1319 quod
317 1268 391 1306 tibi
434 1269 663 1313 scriberem,
705 1267 913 1315 haberem,
956 1282 1050 1308 usus
1094 1283 1224 1308 essem
1264 1284 1356 1310 mea

164 1338 472 1383 consuetudine,
498 1344 545 1375 ut
570 1337 787 1389 diligenter
813 1344 856 1376 et
881 1339 979 1389 quid
1003 1344 1140 1377 actum
1167 1346 1288 1386 esset,
1312 1347 1355 1380 et

162 1408 261 1459 quid
287 1421 338 1446 ex
366 1421 414 1446 eo
439 1407 623 1446 futurum
649 1421 867 1458 sperarem,
893 1409 1197 1459 perscriberem.
1249 1409 1354 1450 Sane

165 1483 376 1528 tamquam
402 1480 443 1515 in
470 1478 646 1528 quodam
672 1477 778 1515 incili
803 1481 884 1516 iam
911 1481 1045 1516 omnia
1069 1479 1354 1521 adhaeserunt.

167 1547 383 1585 Marcellus
424 1544 542 1585 idem'
572 1547 669 1586 illud
708 1548 759 1586 de
799 1551 1008 1599 provinciis
1049 1555 1182 1600 urget,
1221 1563 1353 1601 neque

165 1617 296 1656 adhuc
316 1617 575 1669 frequentem
597 1624 784 1655 senatum
805 1618 961 1656 efficere
981 1621 1130 1669 potuit.
1183 1619 1303 1667 Quod
1319 1623 1353 1659 si

164 1700 270 1725 anno
298 1690 520 1738 praeterito
549 1686 667 1725 Curio
697 1688 895 1733 tribunus,
925 1694 967 1726 et
996 1689 1140 1727 eadem
1168 1691 1273 1727 actio
1299 1689 1351 1729 de

162 1760 388 1808 provinciiS,
413 1757 602 1795 introibit
633 1771 755 1808 quam
777 1757 894 1795 facile
919 1763 1016 1796 tunc
1045 1761 1098 1796 sit
1123 1761 1256 1796 omnia
1279 1762 1351 1798 im—

270 1911 286 1927 ⁰
309 1907 419 1940 Incile
433 1906 541 1950 (from
556 1907 727 1947 incidile),
744 1906 794 1939 lit.
810 1916 833 1939 a
847 1910 918 1946 cut,
934 1907 1069 1946 trench,
1085 1918 1125 1940 or
1139 1907 1248 1942 ditch.
1435 1939 1448 1994 ξ

172 1972 188 2005 1
201 1971 245 2005 18
1441 1994 1448 2009 ,-
