1448 2236
702 59 903 100 CICERO

204 173 303 199 num
338 163 580 213 arripiendo,
609 166 706 202 satis
746 177 940 217 magnum
980 179 1193 206 numerum
1232 168 1392 208 videtur

206 222 396 262 effecisse.
445 224 536 263 Huc
564 229 731 264 accessit
758 240 901 266 manus
929 227 1108 275 Ventidi,
1138 236 1244 281 quae
1279 235 1391 269 trans

203 285 465 335 Apenninum
496 289 642 326 itinere
673 287 784 327 facto
816 289 1043 329 difficillimo
1075 290 1130 329 ad
1155 291 1271 330 Vada
1300 304 1390 343 per-

202 350 327 393 venit,
363 354 490 399 atque
524 349 580 387 ibi
615 363 659 388 se
694 363 786 388 cum
821 351 1000 390 Antonio
1035 355 1255 392 coniunxit.
1315 353 1390 392 Est

203 422 392 448 numerus
419 416 704 450 veteranorum
732 418 775 451 et
801 420 1049 452 armatorum
1075 417 1172 453 satis
1198 414 1388 467 frequens

163 477 183 507 4
202 484 294 509 cum
318 471 522 511 Ventidio.
575 473 748 512 Consilia
783 475 939 514 Antoni
974 475 1076 515 haec
1111 479 1193 515 sint
1223 489 1387 516 necesse

204 539 290 571 est:
318 540 391 572 aut
407 535 460 573 ad
477 535 678 586 Lepidum
693 541 741 574 ut
756 550 799 575 se
816 536 1012 584 conferat,
1026 540 1060 576 si
1072 541 1288 589 recipitur;
1315 544 1388 577 aut

201 595 415 646 Apennino
436 597 687 649 Alpibusque
707 611 751 636 se
770 604 914 637 teneat
934 605 977 638 et
996 599 1295 639 decursionibus
1313 613 1387 651 per

201 661 371 708 equites,
398 672 496 710 quos
522 659 648 699 habet
671 660 833 708 multos,
858 667 993 700 vastet
1018 675 1068 700 ea
1090 662 1191 708 loca,
1215 664 1258 700 in
1281 675 1386 714 quae

198 721 436 766 incurrerit3
475 727 548 760 aut
569 735 704 760 rursus
729 736 773 761 se
796 726 837 761 in
861 723 1066 762 Etruriam
1088 723 1254 771 referat,
1278 723 1386 776 quod

198 794 247 819 ea
263 795 356 832 pars
376 783 520 822 Italiae
538 786 624 822 sine
644 787 824 823 exercitu
844 791 919 824 est.
965 785 1085 834 Quod
1102 788 1135 824 si
1152 799 1219 824 me
1238 785 1386 824 Caesar

194 844 376 883 audisset
421 851 547 897 atque
588 846 850 897 Apenninum
894 850 1118 894 transisset,
1160 850 1204 886 in
1248 853 1384 886 tantas

195 909 403 958 angustias
430 908 654 946 Antonium
680 909 976 959 compulissem,
1003 915 1050 948 ut
1076 912 1211 960 inopia
1235 912 1384 961 potius,

195 981 318 1019 quam
332 968 439 1007 ferro
454 969 733 1009 conficeretur.
775 970 856 1009 Sed
871 984 1005 1023 neque
1020 971 1183 1010 Caesari
1197 973 1384 1023 imperari

194 1035 346 1081 potest,
375 1044 450 1069 nec
479 1031 627 1070 Caesar
656 1035 851 1070 exercitui
878 1046 964 1071 suo.
1018 1033 1139 1082 Quod
1165 1039 1383 1085 utrumque
1443 1075 1446 1083 ι

193 1095 413 1143 pessimum
433 1099 508 1132 est.
552 1093 654 1132 Cum
672 1094 773 1132 haec
789 1094 887 1133 talia
904 1097 997 1140 sint,
1016 1108 1096 1147 quo
1112 1098 1258 1141 minus,
1275 1094 1384 1146 quod

193 1154 246 1192 ad
280 1167 347 1192 me
381 1154 617 1206 pertinebit,
653 1156 836 1195 homines
870 1157 1145 1208 interpellent,
1180 1162 1229 1196 ut
1263 1169 1383 1208 supra
1440 1174 1448 1208 ;

192 1218 343 1267 scripsi,
362 1230 444 1255 non
462 1218 652 1268 impedio.
697 1218 812 1256 Haec
830 1219 1174 1270 quemadmodum
1193 1218 1381 1270 explicari

192 1282 360 1329 possint,
378 1284 463 1324 aut,
481 1293 505 1316 a
521 1285 564 1318 te
581 1293 673 1317 cum
691 1280 1012 1330 explicabuntur,
1027 1293 1081 1319 ne
1095 1280 1381 1332 impediantur,

152 1346 173 1377 5
193 1343 331 1379 timeo.
391 1341 514 1379 Alere
547 1343 628 1379 iam
661 1341 809 1380 milites
843 1355 924 1380 non
955 1355 1133 1393 possum.
1192 1341 1296 1382 Cum
1328 1342 1381 1380 ad

190 1402 481 1453 rempublicam
532 1403 780 1442 liberandam
828 1407 990 1450 accessi,
1036 1403 1105 1442 HS
1158 1403 1258 1442 mihi
1301 1403 1380 1442 fuit

192 1464 523 1516 quadringenties
542 1465 725 1515 amplius.
775 1465 953 1504 Tantum
972 1467 1102 1512 abest,
1121 1471 1169 1504 ut
1186 1478 1303 1504 meae
1319 1467 1379 1503 rei

190 1525 395 1564 familiaris
416 1526 588 1564 liberum
609 1530 662 1565 sit
683 1527 918 1579 quidquam,
939 1533 986 1566 ut
1007 1541 1146 1566 omnes
1166 1530 1248 1566 iam
1267 1540 1378 1565 meos

191 1591 339 1626 amicos
383 1601 478 1626 aere
523 1588 653 1627 alieno
699 1590 995 1628 obstrinxerim.
1060 1589 1229 1641 Septem
1272 1602 1378 1627 nunc

190 1663 403 1688 numerum
415 1650 621 1703 legionum
634 1650 698 1688 alo
714 1663 724 1696 ;
753 1664 834 1702 qua
846 1651 1096 1697 difficultate,
1108 1657 1156 1690 tu
1167 1651 1376 1690 arbitrare.
1423 1672 1425 1674 ·

189 1712 294 1758 Non,
339 1715 372 1750 si
417 1712 604 1750 Varronis
652 1712 862 1750 thesauros
907 1713 1115 1759 haberem,
1159 1714 1376 1752 subsistere

1357 1805 1419 1821 *f*

237 1862 253 1877 ⁰
276 1856 381 1890 Vada
405 1857 563 1896 Sabatia,
588 1858 699 1890 about
721 1859 767 1902 30
791 1857 889 1890 miles
915 1861 999 1891 west
1022 1859 1065 1891 of
1084 1857 1219 1897 Genoa,
1243 1868 1291 1891 on
1314 1856 1374 1890 the

189 1904 344 1981 coast-:eq
361 1945 567 1983 40,000,000
582 1947 748 1977 sesterces
763 1943 955 1986 (sestertii).

190 1999 265 2033 454
