1448 2236
657 44 858 84 CICERO

161 147 258 186 lium
284 147 414 198 plebis
442 150 612 186 comitiis
641 153 762 186 nacta
789 153 897 187 sunt.
950 147 1056 186 Nam
1082 146 1144 187 M.
1169 145 1349 185 Coelium

160 212 414 250 Vinicianum
428 215 582 251 mentio
597 212 664 250 illa
678 212 808 258 fatua,
823 225 946 263 quam
960 212 1227 251 deriseramus
1242 210 1350 255 olim,

162 283 204 315 et
235 276 506 328 promulgatio
539 276 591 315 de
623 277 822 315 dictatore
852 277 986 315 subito
1014 277 1176 321 deiecit,
1205 280 1249 314 et
1280 274 1350 313 de-

159 344 311 379 iectum
335 354 484 392 magno
513 341 686 379 clamore
713 343 897 380 insecuta
925 346 1001 380 est.
1055 340 1157 379 Inde
1185 339 1349 377 Hirrum

160 408 294 444 cuncti
343 408 424 444 iam
472 419 553 444 non
602 405 832 444 faciendum
880 404 1079 457 flagitare.
1132 404 1258 455 Spero
1305 408 1350 441 te

159 470 346 508 celeriter
369 475 413 508 et
434 470 487 509 de
509 471 637 515 nobis,
661 470 770 521 quod
792 472 976 520 sperasti,
999 475 1043 508 et
1065 469 1118 508 de
1139 468 1220 514 illo,
1243 466 1351 519 quod

119 541 142 571 4
159 537 226 572 vix
248 547 411 585 sperare
433 548 553 573 ausus
577 548 633 580 es,
657 534 901 573 auditurum.
956 533 1022 572 De
1043 532 1249 584 republica
1269 534 1350 569 iam

160 601 252 637 novi
290 599 512 650 quidquam
550 605 787 650 exspectare
823 598 1094 643 desieramus3
1150 596 1223 635 sed
1258 609 1351 634 cum

160 669 324 702 senatus
349 663 511 702 habitus
538 669 645 701 esset
671 663 724 702 ad
748 663 942 714 Apollinis
968 676 1005 701 a.
1030 662 1070 700 d.
1095 674 1150 700 xl.
1178 659 1349 699 Kalend.

160 727 288 773 Sext„
307 733 351 766 et
366 727 586 766 referretur
603 728 655 766 de
673 728 874 778 stipendio
893 727 966 765 Cn.
985 725 1180 777 Pompeii,
1196 726 1350 763 mentio

159 792 269 830 facta
303 798 365 831 est
397 792 449 830 de
481 792 641 843 legione
674 805 736 837 ea,
770 805 892 843 quam
925 804 1146 842 expensam
1177 788 1272 828 tulit
1304 788 1349 827 C.

162 856 322 894 Caesari
336 856 565 907 Pompeius,
578 870 657 907 quo
669 869 836 894 numero
850 861 971 902 esset,
979 854 1113 906 quoad
1123 851 1351 905 pateretui-¹

162 934 252 959 eam
284 921 498 972 Pompeius
532 934 618 959 esse
649 923 691 958 in
723 920 864 959 Gallia.
919 919 1092 958 Coactus
1124 923 1188 957 est
1217 917 1350 956 dicere

163 985 391 1036 Pompeius,
410 998 454 1024 se
477 985 680 1036 legionem
704 985 987 1030 abducturum,
1006 983 1079 1022 sed
1097 996 1178 1021 non
1197 984 1350 1027 statim,

161 1050 235 1089 sub
264 1053 514 1088 mentionem
543 1055 586 1088 et
613 1052 835 1087 convicium
863 1050 1195 1087 obtrectatorum.
1249 1045 1351 1084 Inde

161 1117 434 1166 interrogatus
455 1120 517 1152 est
535 1114 587 1152 de
612 1116 861 1152 successione
883 1113 928 1152 C.
949 1113 1154 1156 Caesaris3
1182 1111 1235 1150 de
1256 1123 1350 1162 qua,

163 1179 237 1217 hoc
257 1185 319 1217 est
333 1179 385 1217 de
400 1181 624 1230 provinciis,
639 1178 833 1229 placitum
850 1183 925 1222 est,
941 1183 965 1201 ‘⁶
979 1182 1026 1215 ut
1041 1189 1163 1228 quam
1176 1177 1350 1226 primum

161 1244 213 1282 ad
240 1243 395 1281 Urbem
418 1248 692 1281 reverteretur
717 1242 790 1280 Cn.
818 1242 1046 1292 Pompeius,
1071 1245 1118 1279 ut
1143 1252 1276 1278 coram
1301 1251 1350 1276 eo

162 1308 213 1346 de
229 1310 478 1346 successione
493 1309 786 1358 provinciarum
800 1303 1032 1357 ageretur.”
1086 1303 1190 1342 Nam
1206 1303 1350 1341 Arimi-

161 1386 258 1410 num
281 1373 333 1410 ad
357 1374 580 1410 exercitum
604 1371 818 1421 Pompeius
843 1375 930 1408 erat
952 1372 1108 1413 iturus3
1146 1373 1190 1406 et
1211 1369 1350 1406 statim

161 1440 221 1475 iit.
276 1437 379 1474 Puto
402 1436 504 1474 Idib.
527 1435 667 1474 Sextil.
689 1436 740 1474 de
763 1448 811 1473 ea
830 1447 875 1472 re
895 1439 1031 1472 actum
1051 1435 1111 1471 iri.
1164 1430 1350 1470 Profecto

160 1506 233 1539 aut
269 1503 517 1551 transigetur
534 1544 535 1547 Ἴ
554 1499 706 1550 aliquid
742 1504 816 1537 aut
851 1501 1026 1549 turpiter
1061 1496 1350 1535 intercedetur.

163 1565 267 1602 Nam
294 1567 335 1602 in
362 1564 605 1614 disputando
633 1566 804 1602 coniecit
830 1562 939 1600 illam
965 1554 1106 1600 vocem
1132 1559 1206 1598 Cn.
1234 1559 1350 1598 Pom-

336 1661 349 1680 ¹
376 1661 414 1694 Ο.
432 1661 474 1694 F'.
491 1661 685 1700 Hermann,
695 1661 760 1703 sor
775 1670 848 1701 quo
863 1662 1092 1702 appeteretur
1106 1666 1186 1691 uss.

213 1751 228 1766 ⁰
254 1748 319 1784 z'.e.‚
336 1747 413 1779 that
435 1745 594 1787 Pompey
615 1744 742 1777 should
764 1745 810 1777 be
830 1742 1022 1786 appointed
1044 1742 1216 1780 Dictator,
1231 1751 1253 1774 a
1274 1741 1349 1774 title

165 1790 243 1822 that
273 1789 343 1822 nad
372 1788 480 1822 fallen
511 1789 584 1821 into
614 1788 792 1829 disrepute
821 1788 916 1820 since
943 1786 1004 1819 the
1032 1785 1283 1828 proscriptions
1311 1783 1352 1817 of

167 1833 278 1866 Sulla.
326 1832 452 1865 Hirrus
468 1831 539 1864 had
557 1830 661 1864 made
676 1841 698 1863 a
715 1830 786 1863 like
802 1828 967 1872 proposal
983 1839 1080 1862 some
1095 1837 1198 1871 years
1213 1826 1347 1860 earlier.

216 1877 229 1896 ⁰
252 1876 337 1908 This
364 1876 482 1917 legion
509 1884 582 1907 was
609 1874 682 1907 lent
705 1875 742 1906 in
765 1875 810 1906 53
835 1876 874 1906 to
896 1871 1037 1914 replace
1065 1882 1148 1904 men
1175 1870 1244 1904 lost
1266 1871 1303 1902 in
1325 1879 1350 1903 a

171 1921 310 1952 contest
326 1919 412 1951 with
427 1918 489 1951 the
504 1917 692 1950 Eburones
708 1918 745 1949 in
761 1918 816 1949 54.
863 1915 1023 1949 Watson.

174 1977 189 2008 1
201 1975 248 2008 14
