1448 2236
706 34 908 90 CICERO

211 153 297 191 bat.
349 152 527 191 Videbar
549 155 656 191 enim
677 154 788 199 mihi,
808 167 934 205 quum
954 168 1021 194 me
1041 157 1083 194 in
1104 169 1169 195 res
1189 157 1398 196 turbulen-

210 209 384 244 tissimas
416 207 697 245 infidelissimis
729 210 843 246 sociis
875 208 1138 256 demisissem‚
1169 215 1396 263 praeceptis

209 260 367 298 illorum
398 274 479 299 non
512 264 608 299 satis
640 264 833 312 paruisse.
887 262 1107 314 Ignoscunt
1138 264 1251 311 mihi,
1282 262 1402 304 revoss

209 320 305 353 cant
323 317 365 352 in
383 315 717 353 consuetudinem
735 318 960 366 pristinam,
978 322 1118 368 teque,
1137 319 1247 369 quod
1268 321 1310 357 in
1329 318 1395 357 eal

207 371 490 419 permanseris,
515 371 815 419 sapientiorem,
841 383 963 421 quam
987 384 1068 417 me,
1093 372 1234 410 dicunt
1257 372 1394 412 fuisse.

209 422 497 469 Quamobrem,
513 425 702 474 quoniam
715 423 884 474 placatis
899 427 946 462 iis
961 430 1066 470 utor,
1080 425 1218 464 videor
1232 439 1395 477 sperare
1422 461 1423 466 ,

208 476 374 521 debere,
390 478 423 514 si
439 482 483 514 te
499 477 681 522 viderim,
699 483 743 515 et
760 491 809 515 ea
824 491 929 528 quae
944 485 1147 528 premant,
1164 485 1207 518 et
1224 493 1274 518 ea
1288 493 1393 531 quae

207 529 486 580 impendeant,
498 543 565 568 me
577 530 695 569 facile
708 534 984 570 transiturum.
1024 532 1298 580 Quamobrem
1310 536 1394 573 sive

207 586 249 621 in
277 583 516 629 Tusculano,
546 587 628 622 sive
657 587 699 622 in
729 585 909 623 Cumano
939 585 992 623 ad
1018 591 1063 625 te
1090 586 1282 637 placebit,
1310 589 1394 626 sive

207 637 334 688 (quod
352 640 517 676 minime
537 638 673 690 velim)
694 638 861 685 Romae,
881 639 1100 679 dummodo
1119 641 1238 679 simul
1256 643 1394 687 simus,

205 691 412 742 perficiam
430 691 627 742 profecto,
647 698 694 730 ut
713 693 756 731 id
775 695 937 744 utrique
956 699 1139 732 nostrum
1157 695 1394 733 commodis·

206 747 353 783 simum
372 759 459 784 esse
476 744 708 784 iudicetur.²

778 874 821 912 II

632 983 771 1009 CICERO
798 983 975 1010 VARRONI

624 1056 772 1095 Romae,
789 1067 896 1091 mmo.
912 1058 990 1090 708.

171 1142 188 1174 1
259 1136 450 1174 Caninius
476 1141 571 1174 tuus
598 1135 722 1180 idem,
750 1140 794 1173 et
819 1135 930 1173 idem
955 1140 1107 1182 noster,
1132 1149 1225 1174 cum
1252 1135 1306 1174 ad
1330 1149 1398 1175 me

206 1191 440 1241 pervesperi
456 1191 634 1227 venisset
652 1194 695 1227 et
710 1202 754 1227 se
769 1188 965 1239 postridie
980 1202 1101 1228 mane
1117 1189 1171 1228 ad
1186 1195 1230 1227 te
1246 1192 1397 1228 iturum
1422 1237 1424 1239 ‚

209 1257 297 1282 esse
318 1243 502 1288 dixisset,
523 1243 608 1280 dixi
631 1245 670 1280 ei
690 1255 757 1279 me
779 1241 970 1280 daturum
993 1242 1172 1294 aliquid3
1207 1256 1328 1282 mane
1350 1249 1398 1282 ut

207 1303 385 1348 peteret,
416 1299 567 1348 rogavi.
621 1295 846 1346 conscripsi
878 1296 1093 1346 epistulam
1124 1302 1276 1342 noctu;
1321 1310 1398 1335 nec

208 1351 274 1390 ille
302 1351 355 1389 ad
380 1364 447 1389 me
473 1350 623 1395 rediit3
665 1350 836 1388 oblitum
862 1350 1028 1388 credidi.
1079 1350 1279 1388 Attamen
1306 1364 1398 1389 eam

163 1418 172 1427 ·
207 1408 336 1456 ipsam
351 1405 426 1443 tibi
442 1403 654 1455 epistolam
668 1405 865 1442 misissem
878 1416 953 1454 per
965 1416 1091 1449 meos,
1106 1406 1180 1442 nisi
1196 1403 1396 1443 audissem

209 1473 261 1497 ex
284 1459 442 1504 eodem,
462 1458 658 1509 postridie
680 1463 724 1496 te
745 1470 866 1495 mane
889 1471 911 1496 e
931 1457 1157 1496 Tusculano
1179 1459 1396 1496 exiturum.

207 1513 267 1551 At
300 1513 375 1550 tibi
408 1517 581 1562 repente
614 1513 752 1561 paucis
786 1516 880 1561 post
914 1511 1071 1557 diebus,
1104 1524 1198 1550 cum
1230 1513 1397 1550 minime

209 1571 504 1617 exspectarem,
522 1567 636 1604 venit
656 1565 708 1603 ad
727 1578 794 1603 me
813 1565 1003 1603 Caninius
1021 1578 1142 1603 mane
1159 1577 1169 1611 ;
1201 1560 1396 1615 proficisci

511 1651 524 1670 ¹
548 1652 584 1684 in
599 1661 643 1684 ea
657 1650 848 1683 Lambinus
863 1663 871 1687 ς
903 1651 940 1683 in
955 1661 998 1683 eo
1014 1659 1095 1683 uss.

321 1694 335 1714 ⁸
357 1695 546 1728 Benedicta
576 1693 789 1726 diiudicetur
806 1693 852 1726 M
860 1706 868 1725 ε
894 1692 1056 1726 videatur
1075 1693 1282 1726 Cratander.

258 1802 274 1816 ‘²
298 1796 478 1838 Probably
498 1795 559 1828 the
580 1794 751 1828 Caninius
772 1793 897 1827 Gallus
918 1794 999 1827 who
1019 1804 1092 1827 was
1112 1793 1255 1827 tribune
1275 1793 1316 1826 of
1333 1794 1395 1827 the

236 1839 311 1873 lebs
342 1840 379 1872 in
410 1842 466 1878 56,
497 1838 569 1871 and
599 1836 775 1880 proposed
806 1837 885 1870 that
915 1836 1075 1879 Pompey
1104 1836 1233 1870 should
1263 1839 1394 1870 restore

210 1850 375 1924 gtolemy
405 1882 550 1915 Auletoe
580 1881 729 1914 without
760 1890 807 1912 an
839 1890 943 1921 army
971 1879 1044 1921 (see
1074 1881 1096 1912 i.
1126 1882 1160 1912 2.
1194 1883 1208 1913 l
1241 1878 1313 1912 and
1342 1879 1391 1921 4).

211 1925 269 1958 He
284 1936 356 1958 was
372 1924 548 1959 defended
563 1924 612 1967 by
628 1924 750 1957 Cicero
765 1924 802 1956 in
818 1925 862 1956 55
877 1923 949 1956 and
965 1922 1047 1956 died
1062 1924 1100 1955 in
1115 1925 1171 1956 44.

219 1976 293 2016 186
