1448 2236
669 55 869 94 CICERO

173 160 259 208 pari
277 158 523 204 condicione,
542 164 682 197 contra
700 172 812 197 arma
830 160 974 198 verbis.
1026 160 1084 198 At
1103 163 1228 198 etiam
1246 161 1298 199 de
1315 166 1360 199 te

173 224 441 268 contionatur,
508 236 582 260 nec
645 225 838 273 impune3
902 237 996 261 nam
1046 227 1210 270 sentiet,
1260 237 1359 276 quos

171 286 403 324 lacessierit.
456 287 545 338 Ego
577 293 714 325 autem
747 293 839 325 acta
868 288 922 326 ad
951 293 994 326 te
1025 291 1160 327 omnia
1190 289 1360 327 arbitror

171 351 361 401 perscribi
393 351 444 388 ab
475 351 588 396 aliis;
634 365 658 389 a
686 364 752 389 me
783 350 920 389 futura
950 352 1074 391 debes
1105 366 1359 404 cognoscere,

133 421 153 451 2
172 429 341 466 quorum
381 415 546 466 quidem
582 428 663 453 non
693 421 756 454 est
785 415 950 454 difficilis
981 419 1223 455 coniectura.
1276 417 1359 468 Op-

170 493 308 531 pressa
323 482 457 518 omnia
474 485 582 525 sunt,
596 493 671 517 nec
685 479 839 518 habent
853 481 998 518 ducem
1012 481 1125 527 boni;
1152 483 1358 533 nostrique

170 543 462 595 τυραννοκτόνοι
475 544 596 596 longe
615 547 801 596 gentium
816 545 976 583 absunt.
1030 544 1160 584 Pansa
1175 551 1218 584 et
1233 549 1358 584 sentit

169 609 274 648 bene
294 615 337 647 et
353 608 530 661 loquitur
548 608 708 647 fortiter
725 621 735 654 ;
767 608 923 648 Hirtius
941 615 1079 648 noster
1095 611 1248 649 tardius
1266 623 1358 649 con-

169 674 346 712 valescit.
400 674 509 722 Quid
553 673 735 712 futurum
780 677 847 720 sit,
891 674 1012 724 plane
1057 677 1205 713 nescio.
1256 674 1356 726 Spes
1403 669 1407 675 ¹

168 745 309 777 tamen
336 752 417 776 una
445 744 522 784 est,
543 738 759 790 aliquando
777 738 970 789 populum
989 738 1215 777 Romanum
1233 742 1356 778 maio-

167 817 256 841 rum
270 803 441 841 similem
459 802 559 841 fore.
613 803 701 854 Ego
714 809 825 841 certe
847 803 1093 854 reipublicae
1115 816 1197 842 non
1218 804 1354 850 deero,

168 874 224 913 et,
246 868 442 919 quidquid
463 867 667 912 acciderit,
688 881 712 905 a
733 880 812 918 quo
833 880 925 905 mea
946 867 1063 918 culpa
1083 868 1201 914 absit,
1223 871 1354 907 animo

166 931 261 970 forti
301 931 443 970 feram.
515 930 620 969 Illud
658 930 855 982 profecto,
884 932 1018 982 quoad
1057 938 1213 982 potero,
1240 938 1354 971 tuam

126 1003 146 1035 3
165 995 317 1034 famam
339 1002 384 1036 et
405 996 649 1048 dignitatem
677 996 835 1034 tuebor.
889 996 940 1034 A.
968 996 1008 1035 d.
1033 1008 1123 1034 xm.
1149 995 1352 1035 Kalendas

167 1061 327 1099 Ianuar.
351 1066 516 1099 senatus
540 1059 730 1111 frequens
759 1060 857 1098 mihi
886 1066 949 1098 est
978 1073 1161 1099 assensus
1185 1074 1277 1099 eum
1301 1062 1352 1100 de

164 1128 309 1164 ceteris
329 1125 449 1163 rebus
468 1127 624 1176 magnis
645 1130 689 1163 et
707 1127 954 1169 necessariis,
969 1130 1059 1162 tum
1075 1125 1127 1163 de
1142 1127 1352 1175 provinciis

165 1191 216 1229 ab
252 1193 312 1236 iis,
350 1192 419 1241 qui
455 1190 701 1234 obtinerent,
738 1189 958 1227 retinendis
995 1202 1129 1240 neque
1165 1191 1352 1241 cuiquam

163 1255 384 1300 tradendis,
411 1256 486 1291 nisi
511 1256 580 1304 qui
607 1266 659 1292 ex
684 1258 849 1291 senatus
875 1252 1057 1291 consulto
1083 1256 1351 1293 successisset.

163 1319 252 1357 Hoc
275 1332 351 1370 ego
374 1332 466 1356 cum
487 1317 731 1368 reipublicae
754 1330 875 1356 causa
896 1319 1047 1362 censui,
1069 1323 1172 1363 tum,
1194 1318 1351 1356 meher-
1439 1343 1448 1376 Ξ

163 1383 265 1429 cule,
280 1386 322 1420 in
336 1385 472 1433 primis
487 1382 726 1420 retinendae
745 1382 955 1433 dignitatis
970 1387 1081 1420 tuae.
1147 1381 1351 1429 Quamob-

162 1461 249 1485 rem
276 1453 320 1485 te
349 1449 493 1484 amoris
522 1449 648 1485 nostri
676 1459 797 1484 causa
823 1459 935 1498 rogo,
958 1445 1202 1497 reipublicae
1230 1460 1350 1485 causa

162 1513 311 1556 hortor,
343 1517 390 1549 ut
420 1523 472 1548 ne
503 1513 566 1548 cui
598 1511 819 1561 quidquam
849 1513 943 1548 iuris
973 1513 1016 1547 in
1046 1516 1119 1549 tua
1147 1513 1350 1561 provincia

162 1590 249 1615 esse
273 1578 443 1627 patiare,
468 1581 591 1626 atque
615 1580 662 1612 ut
685 1577 819 1612 omnia
841 1573 993 1612 referas
1017 1575 1070 1613 ad
1092 1575 1348 1626 dignitatem,

121 1648 143 1678 4
161 1655 241 1693 qua
252 1640 351 1678 nihil
362 1645 499 1691 potest
512 1651 599 1677 esse
610 1641 896 1690 praestantius.
948 1639 1054 1677 Vere
1067 1644 1204 1677 tecum
1215 1652 1348 1691 agam,

211 1808 225 1822 ‘¹
252 1802 304 1836 M.
316 1802 447 1835 Brutus
462 1811 535 1834 was
547 1802 583 1833 in
595 1799 818 1838 Macedonia,
828 1799 970 1833 Cassius
979 1801 1016 1832 in
1025 1799 1141 1842 Syria,
1150 1799 1346 1836 Trebonius

162 1847 198 1879 in
215 1846 313 1884 Asia,
331 1846 376 1878 D.
395 1845 525 1877 Brutus
542 1845 578 1876 in
596 1843 772 1886 Cisalpine
788 1842 893 1876 Gaul.

211 1888 224 1908 δ
250 1888 269 1901 “
287 1887 371 1920 And
395 1887 440 1920 be
463 1886 596 1929 guided
621 1888 658 1919 in
682 1897 786 1929 every
810 1887 927 1919 action
952 1886 1002 1929 by
1025 1884 1153 1936 regard
1176 1885 1232 1919 for
1255 1896 1346 1929 your

163 1931 351 1975 position.'’
399 1930 558 1964 Watson.

163 1987 237 2029 592
