1448 2236
692 56 893 96 CICERO

197 162 377 210 petieris,
400 166 447 199 ut
468 163 626 199 interea
648 162 761 199 nobis
784 164 1106 212 procurationem
1129 162 1252 201 Asiae
1274 162 1387 208 dent,

197 237 315 274 spero
335 230 379 263 te
398 238 515 275 posse
534 227 767 275 impetrare.
843 225 1062 264 Praeterea
1081 226 1182 264 mihi
1198 229 1388 277 promise-

196 294 293 326 runt
320 288 452 327 Pansa
475 295 518 327 et
542 289 698 327 Hirtius
721 303 869 335 coram,
894 295 937 328 et
961 290 1119 328 absenti
1144 290 1243 328 mihi
1269 292 1388 340 scrip-

196 359 350 398 serunt,
366 352 587 404 Verrioque
603 359 739 392 nostro
756 353 886 391 Pansa
900 354 1125 399 affirmavit,
1140 367 1184 392 se
1199 354 1387 393 daturum

196 429 375 467 operam,
400 430 453 455 ne
476 419 519 455 in
542 431 615 456 suo
639 417 850 456 consulatu
873 418 972 456 mihi
995 418 1266 456 succedatur.-
1299 411 1389 470 Egd

196 494 314 531 porro
339 495 434 527 non,
458 482 615 520 medius
642 482 773 528 fidius,
798 483 1023 533 cupiditate
1047 485 1275 533 provinciae
1298 495 1388 533 pro-

196 545 288 583 duci
311 544 468 597 longius
493 548 669 596 spatium
693 547 792 584 mihi
815 546 904 584 volo
922 558 933 591 ;
970 559 1065 584 nam
1088 547 1186 584 mihi
1209 545 1288 585 fuit
1309 548 1389 584 ista

194 612 398 659 provincia
425 610 546 660 plena
572 610 732 656 laboris,
761 610 940 661 periculi,
969 611 1218 649 detrimenti.
1271 610 1388 658 Quae

195 686 272 725 ego
300 687 351 712 ne
378 673 527 712 frustra
553 675 744 713 subierim
771 688 874 713 neve
899 677 1023 725 prius,
1050 688 1173 726 quam
1199 674 1388 725 reliquias

194 751 312 776 meae
343 738 579 790 diligentiae
610 752 846 790 consequar,
877 739 1075 777 decedere
1105 752 1240 790 cogar,
1270 738 1387 777 valde

194 801 345 840 laboro.
410 802 516 840 Nam
543 806 577 841 si
604 806 841 854 potuissem,
870 816 992 854 quam
1022 816 1239 854 exegeram
1267 815 1387 853 pecu-

194 869 317 912 niam,
347 869 575 905 universam
602 870 782 913 mittere,
810 867 1072 918 postularem,
1101 873 1148 905 ut
1174 866 1274 904 mihi
1300 879 1387 904 suc-

193 931 435 976 cederetur3
480 944 600 977 nunc,
631 932 740 982 quod
770 931 907 970 Cassio
937 931 1045 976 dedi,
1076 931 1184 982 quod
1212 931 1386 968 Treboni

192 1001 323 1033 morte
344 997 562 1041 amisimus,
583 996 691 1047 quod
718 998 842 1034 etiam
867 995 1108 1034 crudelitate
1135 994 1386 1039 Dolabellae,

194 1064 266 1097 aut
291 1059 461 1109 perfidia
488 1073 640 1106 eorum,
668 1062 737 1111 qui
764 1060 886 1098 fidem
911 1060 1011 1097 mihi
1035 1062 1175 1111 reique
1201 1058 1385 1110 publicae

192 1136 273 1161 non
290 1127 598 1174 praestiterunt,
616 1124 658 1163 id
676 1126 867 1175 consequi
886 1130 928 1162 et
945 1123 1111 1162 reficere
1129 1123 1218 1162 volo
1235 1135 1246 1169 3
1277 1123 1386 1174 quod

192 1187 310 1226 aliter
333 1201 414 1226 non
437 1194 576 1239 potest
599 1188 699 1234 fieri,
722 1191 797 1226 nisi
822 1191 998 1239 spatium
1021 1188 1214 1226 habuero.
1267 1187 1316 1226 Id
1338 1192 1385 1225 ut

191 1265 265 1302 per
299 1257 342 1290 te
378 1266 614 1303 consequar,
650 1252 784 1298 velim,
819 1258 866 1291 ut
901 1252 1018 1297 solet,
1053 1252 1128 1290 tibi
1163 1264 1283 1290 curae
1317 1253 1383 1289 sit.

152 1321 173 1352 6
192 1316 280 1367 Ego
299 1329 366 1354 me
386 1317 437 1355 de
456 1317 663 1367 republica
680 1322 782 1367 puto
802 1329 889 1354 esse
908 1319 1112 1368 meritum,
1131 1322 1178 1354 ut
1196 1329 1277 1354 non
1294 1328 1384 1366 pro-

191 1383 345 1418 vinciae
382 1383 496 1419 istius
534 1381 776 1419 beneficium
814 1386 1051 1431 exspectare
1087 1380 1274 1425 debeam,
1311 1379 1383 1417 sed

191 1450 367 1489 tantum,
393 1450 591 1495 quantum
617 1445 776 1483 Cassius
803 1450 846 1482 et
870 1445 998 1489 Bruti,
1023 1457 1104 1482 non
1127 1444 1255 1482 solum
1278 1443 1381 1481 illius
1444 1483 1448 1501 ,Ι

190 1507 288 1546 facti
309 1508 557 1559 periculique
580 1512 789 1553 societate,
811 1509 884 1546 sed
906 1511 1030 1546 etiam
1051 1508 1168 1546 huius
1189 1509 1381 1558 temporis

191 1573 325 1611 studio
350 1578 394 1611 et
417 1575 581 1610 virtute.
635 1572 790 1610 Primus
816 1575 923 1610 enim
948 1586 1024 1624 ego
1048 1572 1159 1624 leges
1182 1572 1380 1610 Antonias

190 1635 294 1688 fregi
311 1649 322 1683 3
352 1639 504 1687 primus
522 1639 752 1688 equitatum
770 1636 1007 1674 Dolabellae
1024 1637 1077 1675 ad
1092 1636 1379 1687 rempublicam

243 1814 258 1828 ⁰
280 1809 346 1842 See
361 1812 444 1842 note
459 1809 478 1842 b
492 1812 531 1842 at
544 1809 604 1841 the
618 1808 814 1851 beginning
829 1808 870 1841 of
880 1808 950 1841 this
965 1807 1076 1841 letter.

241 1853 253 1872 θ
279 1851 458 1894 Probably
478 1852 522 1885 he
541 1863 663 1884 means
681 1852 759 1884 that
777 1852 821 1884 he
839 1851 911 1883 had
931 1851 1078 1893 ignored
1096 1850 1156 1884 the
1173 1850 1322 1893 validity
1339 1850 1380 1884 of

193 1896 559 1980 pgrkagssimsspssfffis
576 1894 653 1928 sold
670 1895 719 1937 by
735 1894 884 1936 Antony
899 1897 937 1927 to
954 1897 1061 1927 states
1077 1893 1149 1926 and
1166 1893 1377 1927 individuals

193 1987 270 2027 562
