1448 2236
677 44 880 84 CICERO

184 163 307 200 quam
327 151 506 200 spatium
523 149 788 188 confirmandi
805 163 895 188 sese
910 150 1091 189 Antonio
1110 150 1211 189 dari.
1263 151 1373 189 Anni

185 210 324 242 autem
339 209 501 254 tempus
515 203 750 242 libertatem
764 206 959 242 maiorem
971 204 1071 242 mihi
1090 205 1176 250 dat,
1189 210 1374 256 propter-

186 270 235 295 ea
271 260 367 308 quia
393 256 600 295 frumenta
631 262 704 296 aut
738 260 782 295 in
813 260 919 308 agris
956 263 1028 296 aut
1058 260 1101 296 in
1131 258 1233 296 villis
1263 264 1372 297 sunt.

186 311 334 361 Itaque
350 313 543 361 proximis
559 310 707 349 litteris
724 311 933 349 consilium
949 324 1087 350 meum
1105 312 1346 362 expedietur
1362 324 1373 357 ;

187 377 280 402 nam
299 378 434 415 neque
452 365 597 403 deesse
620 378 755 415 neque
779 378 990 415 superesse
1007 365 1253 416 reipublicae
1270 365 1373 403 volo.

188 418 372 456 Maxime
386 424 528 456 tamen
544 418 676 464 doleo,
692 419 795 456 adeo
811 424 855 456 et
869 418 990 469 longo
1007 424 1051 457 et
1064 417 1213 457 infesto
1227 421 1375 457 itinere

187 472 239 509 ad
268 485 336 510 me
365 474 506 518 veniri,
537 478 583 510 ut
613 472 679 510 die
709 472 1018 523 quadragesimo
1045 478 1140 522 post
1167 478 1240 511 aut
1268 472 1375 510 ultra

186 528 326 571 etiam,
344 538 467 576 quam
485 525 595 563 facta
612 531 722 572 sunt,
739 528 874 564 omnia
891 528 1144 564 nuntientur.

647 702 824 740 XXXIV
852 702 908 755 (A)

184 809 230 837 Μ.
258 810 424 836 LEPIDUS
452 809 540 836 IMP.
569 809 739 843 ITERUM,
763 809 879 836 PON'r.
904 809 1000 835 MAX.
1023 809 1056 835 S.
1079 809 1117 836 P.
1145 810 1184 835 D.
1213 809 1258 836 M.
1280 809 1319 836 Τ.
1337 809 1372 836 C.

434 891 493 924 Ad
511 891 660 925 Pontem
676 891 909 934 Argenteum,
926 902 1033 924 Anne.
1051 894 1128 925 711.

147 985 163 1018 1
235 976 477 1015 S.v.b.e.e.v.
531 976 633 1015 Cum
671 977 872 1015 audissem
905 976 1129 1015 Antonium
1165 990 1257 1015 cum
1293 980 1373 1016 suis

184 1034 309 1083 copiis
339 1033 559 1082 praemisso
592 1030 640 1068 L.
671 1031 851 1069 Antonio
881 1043 973 1068 cum
1011 1036 1130 1081 parte
1166 1033 1373 1082 equitatus

186 1087 228 1123 in
255 1087 502 1135 provinciam
530 1097 664 1122 meam
692 1087 844 1130 venire,
872 1097 964 1122 cum
994 1086 1176 1122 exercitu
1201 1097 1294 1123 meo
1322 1085 1374 1123 ab

186 1137 418 1177 confluente
437 1137 633 1176 Rhodano
652 1143 785 1176 castra
802 1140 909 1176 movi
928 1151 974 1175 ac
992 1143 1134 1176 contra
1152 1150 1220 1177 eos
1238 1141 1375 1176 venire

187 1194 359 1230 institui.
414 1191 562 1242 Itaque
613 1194 812 1230 continuis
863 1192 1075 1229 itineribus
1126 1191 1180 1230 ad
1228 1191 1375 1230 Forum

188 1246 339 1284 Voconi
369 1247 462 1283 veni
492 1251 537 1283 et
565 1244 673 1283 ultra
700 1250 833 1283 castra
861 1245 914 1283 ad
941 1244 1094 1283 flumen
1121 1244 1375 1296 Argenteum

188 1305 330 1337 contra
353 1298 606 1337 Antonianos
630 1297 721 1336 feci.
777 1298 821 1336 P.
845 1297 1058 1336 Ventidius
1082 1311 1173 1336 suas
1197 1298 1376 1352 legiones
1442 1314 1448 1319 ·

188 1358 272 1391 tres
304 1354 513 1390 coniunxit
545 1365 636 1390 cum
670 1365 718 1390 eo
752 1358 795 1390 et
827 1351 935 1390 ultra
966 1365 1032 1390 me
1064 1357 1197 1389 castra
1227 1355 1376 1403 posuit.
1446 1360 1448 1362 '

190 1406 384 1444 Habebat
414 1411 537 1444 antea
565 1405 768 1456 legionem
797 1405 1031 1451 secundam,
1061 1410 1105 1443 et
1135 1418 1186 1443 ex
1214 1404 1377 1456 reliquis
1446 1425 1448 1428 ·

189 1459 415 1511 legionibus
446 1471 638 1510 magnam
667 1459 986 1504 multitudinem,
1017 1458 1090 1496 sed
1119 1460 1377 1497 inermorum.
1442 1455 1448 1486 ἕ

190 1513 433 1564 Equitatum
459 1512 586 1551 habet
611 1524 833 1563 magnum;
874 1525 969 1550 nam
995 1514 1123 1550 omnis
1150 1525 1201 1550 ex
1226 1512 1378 1563 praelio
1441 1529 1448 1562 ¹

189 1569 351 1618 integer
373 1566 571 1611 discessit,
594 1568 654 1604 ita
677 1572 724 1604 ut
751 1568 833 1604 sint
861 1565 1031 1616 amplius
1061 1568 1244 1616 equitum
1268 1566 1379 1603 milia

240 1698 257 1714 ⁸
277 1693 353 1726 The
376 1693 469 1726 Pons
493 1693 692 1735 Argenteus
714 1703 787 1726 was
810 1703 832 1725 a
855 1692 942 1725 little
964 1692 1160 1725 north—east
1181 1691 1222 1725 of
1248 1691 1377 1725 Forum

196 1737 346 1770 Voconii
371 1736 439 1778 (Le
464 1736 602 1778 Canet),
629 1746 676 1768 on
701 1735 762 1768 the
787 1735 873 1768 road
899 1735 1056 1768 between
1085 1736 1212 1777 Aquae
1241 1734 1381 1768 Sextiae

194 1779 295 1822 (Aix)
310 1779 382 1812 and
405 1779 537 1812 Forum
558 1779 582 1812 J
585 1778 646 1811 ulii
671 1778 835 1821 (Frejus).
883 1778 958 1811 The
980 1780 1070 1812 river
1090 1778 1290 1820 Argenteus
1310 1778 1380 1812 still

196 1823 299 1856 bears
313 1822 373 1855 the
389 1832 493 1855 name
508 1822 550 1855 of
561 1822 727 1864 Argente.

243 1865 256 1885 ⁶
280 1866 348 1904 i.e.‚
364 1866 449 1898 with
465 1866 525 1899 the
540 1866 713 1898 Druentia
728 1863 936 1907 (Durance),
952 1874 1038 1897 near
1052 1863 1203 1898 Avenio.

242 1913 254 1929 ⁶
280 1908 346 1942 See
362 1912 444 1942 note
459 1919 482 1941 a
497 1919 543 1941 on
560 1920 593 1941 x.
614 1910 666 1942 17.
686 1911 717 1942 1.

195 1964 271 1998 418
