1448 2236
672 68 873 109 OIOERO

179 174 551 219 exercitationibus,
575 176 788 213 amiseram
805 187 815 220 ;
852 175 1000 214 deinde
1020 176 1108 227 ipsa
1129 175 1210 222 illa,
1231 177 1264 214 si
1286 188 1367 226 qua

178 227 257 266 fuit
272 231 314 266 in
330 242 410 274 me,
426 228 598 266 facultas
615 231 820 275 orationis,
837 231 912 268 nisi
927 243 994 268 me
1012 229 1065 267 ad
1079 229 1151 268 has
1169 232 1365 268 exercita-

178 284 309 321 tiones
335 282 578 328 retulissem,
606 285 844 321 exaruisset.
895 283 1137 322 Extremum
1163 283 1262 322 illud
1289 289 1365 329 est,

178 337 286 387 quod
299 342 346 374 tu
358 338 493 375 nescio
506 349 559 375 an
571 338 745 388 primum
757 342 891 388 putes.
944 336 1083 376 Plures
1094 339 1177 375 iam
1188 350 1365 388 pavones

176 389 346 436 confeci,
382 403 504 442 quam
539 395 587 429 tu
622 390 752 442 pullos
787 391 1047 430 columbinos.
1098 391 1162 429 Tu
1195 393 1286 430 istic
1320 396 1365 429 te
1434 389 1439 392 '

177 444 400 483 Hateriano
419 446 506 483 iure
524 444 718 490 delectas,
740 458 815 496 ego
834 458 902 483 me
924 444 988 484 hic
1009 445 1208 484 Hirtiano.
1261 444 1365 483 Veni

175 500 313 549 igitur,
343 500 374 536 si
407 501 467 536 vir
498 512 555 544 eS,
587 504 630 537 et
675 498 784 537 disce
824 501 906 537 iam
935 497 1235 549 προλεγομένας,
1265 511 1364 549 quas

136 557 157 588 4
176 555 335 603 quaeris
353 565 363 598 3
397 555 474 591 etsi
492 566 559 591 sus
580 552 821 592 Minervam.
873 552 956 591 Sed
973 553 1149 604 quando,
1167 558 1215 591 ut
1233 553 1364 598 video,
1424 589 1430 598 f

176 609 478 644 aestimationes
505 612 597 645 tuas
624 607 802 645 vendere
828 621 910 645 non
935 613 1054 658 potes
1081 620 1215 658 neque
1243 607 1364 645 ollam
1426 610 1427 614 ’

174 660 430 699 denariorum
455 661 638 711 implere,
662 660 834 699 Romam
859 662 934 699 tibi
957 661 1260 712 remigrandum
1286 665 1362 699 est.
1428 688 1430 690 -

173 714 307 753 Satius
330 720 393 753 est
414 714 477 753 hic
498 715 716 761 cruditate,
738 728 861 766 quam
882 717 971 753 istic
991 714 1114 753 fame.
1166 714 1296 753 Video
1318 719 1363 752 te

173 769 279 807 bona
307 769 559 820 perdidisse3
603 782 722 820 spero
752 770 862 807 idem
890 771 980 807 istic
1009 768 1226 807 familiares
1255 774 1361 806 tuos.

173 822 324 861 Actum
349 825 473 874 igitur
498 823 551 861 de
575 828 620 861 te
646 829 724 869 est,
750 825 823 861 nisi
850 823 1049 874 provides.
1103 822 1224 861 Potes
1250 821 1360 860 mulo
1430 846 1434 852 ·

173 878 265 922 isto,
296 890 419 928 quem
450 878 525 915 tibi
554 877 755 928 reliquum
786 877 883 915 dicis
915 890 1018 923 esse,
1047 879 1238 928 quoniam
1268 889 1361 914 can-

172 930 349 968 therium
373 931 599 976 comedisti,
625 931 794 969 Romam
818 931 999 982 pervehi.
1051 930 1159 969 Sella
1183 931 1258 968 tibi
1284 932 1362 968 erit

172 986 214 1022 in
231 985 341 1030 ludo,
359 990 569 1036 tamquam
588 985 912 1037 hypodidascalo,
930 986 1138 1036 proxima;
1166 997 1256 1022 eam
1274 983 1363 1035 pul-

173 1041 288 1079 vinus
306 1044 513 1091 sequetur.

694 1116 795 1155 XIX

433 1200 573 1227 CICERO
599 1200 632 1226 8.
660 1201 700 1226 D.
727 1199 762 1226 L.
791 1200 953 1226 PAPIRIO
979 1199 1104 1226 PAETO

587 1257 734 1295 Romae,
751 1267 856 1290 A.u.c.
875 1259 952 1290 ¹708.

137 1322 154 1356 1
223 1316 379 1355 Tamen
405 1330 429 1354 a
453 1317 609 1355 malitia
632 1331 713 1355 non
738 1317 943 1355 discedis?
995 1316 1215 1355 Tenuiculo
1241 1328 1363 1366 appa—

174 1377 266 1409 ratu
280 1371 481 1423 significas
496 1371 669 1409 Balbum
683 1370 806 1409 fuisse
822 1376 1073 1410 contentum.
1114 1370 1203 1408 Hoc
1217 1370 1367 1408 videris

224 1536 240 1553 ⁶
263 1533 332 1572 i.e.,
349 1531 370 1546 “
386 1531 642 1570 demolished‚”
659 1532 680 1545 “
695 1532 926 1565 consumed.”
994 1552 998 1556 ·
1058 1565 1060 1567 ,

227 1575 240 1595 ¹²
264 1575 444 1617 Probably
459 1586 557 1608 some
572 1576 704 1617 lawyer
718 1576 836 1608 whom
854 1575 983 1608 Paetus
997 1574 1070 1608 had
1086 1573 1261 1617 engaged.

227 1623 239 1640 ⁶
263 1618 386 1652 Cicero
407 1619 510 1675 plays
532 1630 579 1651 on
600 1619 661 1651 the
682 1621 752 1652 two
774 1620 960 1660 meaning-s
981 1618 1022 1651 of
1040 1619 1109 1657 ius
1132 1617 1154 1631 “
1169 1616 1262 1659 legal
1283 1626 1364 1659 pro-

177 1661 307 1695 cedure
320 1661 342 1676 ”
370 1661 443 1695 and
483 1661 491 1675 ‘
507 1661 649 1700 sauce‚'‘
676 1672 716 1694 as
744 1662 788 1694 he
815 1661 887 1694 had
914 1672 1024 1703 many
1050 1670 1153 1703 years
1179 1659 1300 1693 before
1327 1660 1363 1692 in

178 1707 200 1738 2
233 1705 330 1738 Verr.
346 1705 369 1738 i.
388 1707 448 1738 121
467 1703 504 1747 (“
517 1706 572 1738 ius
587 1705 776 1738 Verrinum
789 1704 837 1745 ’').
886 1704 902 1736 Ι
919 1704 1009 1737 have
1023 1704 1106 1737 here
1120 1702 1286 1745 repeated
1304 1702 1364 1735 the
1430 1714 1433 1745 j

177 1747 383 1781 traditional
398 1748 606 1781 translation
623 1747 664 1780 of
675 1748 735 1780 the
753 1747 858 1780 Latin
874 1757 960 1789 pun.

225 1790 241 1811 θ
263 1791 339 1824 The
357 1791 464 1824 Latin
483 1792 513 1824 is
533 1801 554 1823 a
573 1790 783 1823 translation
803 1790 843 1822 of
863 1792 895 1822 ῦς
919 1791 1055 1830 Ἀθηνᾶν
1073 1800 1119 1823 to.
1139 1791 1268 1831 διορθοῖ,
1285 1786 1363 1822 said

179 1834 219 1867 of
231 1845 277 1866 an
294 1835 500 1876 ignoramus
515 1835 712 1875 correcting
727 1844 773 1866 an
789 1836 921 1875 expert-

226 1882 238 1897 θ
262 1877 331 1910 For
347 1878 604 1910 aestimationes
619 1887 676 1910 see
692 1879 774 1909 note
791 1887 836 1909 on
853 1876 922 1918 Ep.
942 1877 995 1909 16.
1011 1878 1031 1909 ¹7
1048 1875 1173 1908 above.

224 1920 239 1943 Ι
254 1919 283 1996 l‘l‘
299 1920 384 1979 And
405 1931 446 1954 so
468 1921 512 1954 be
534 1919 666 1953 unable
686 1922 724 1964 to
745 1919 865 1953 detain
887 1930 960 1963 you
981 1918 1080 1952 there
1100 1918 1151 1961 by
1170 1917 1262 1951 their
1282 1916 1364 1950 hos-
1428 1928 1430 1931 ·

177 1964 253 2006 pita
269 1963 345 2006 ‘ty.’

182 2018 258 2054 254
