1448 2236
675 57 876 96 CICERO

721 187 820 224 XXI

516 302 562 329 Μ.
581 303 618 329 Τ.
637 303 672 329 C.
691 303 723 329 S.
743 303 782 329 D.
802 303 1030 329 CORlecxo

593 377 739 416 Romae,
757 388 863 410 A.U.c.
882 380 959 412 710.

228 455 352 493 Gaius
377 455 554 499 Anicius,
579 453 783 492 familiaris
806 467 935 500 meus,
959 457 1018 492 vir
1041 456 1225 494 omnibus
1249 456 1368 495 rebus

178 515 357 554 ornatus,
393 510 647 559 negotiorum
682 521 845 545 suorum
879 521 1000 546 causa
1033 507 1194 560 legatus
1230 515 1294 548 est
1327 512 1370 547 in

178 561 358 600 Africam
373 561 578 613 legatione
595 561 735 599 libera.
787 561 893 599 Eum
910 561 1030 599 velim
1046 563 1166 600 rebus
1184 563 1368 601 omnibus

179 616 357 660 adiuves,
378 628 623 666 operamque
644 615 729 660 des,
750 620 796 653 ut
816 628 938 666 quam
957 616 1277 654 commodissime
1296 629 1370 654 sua

179 672 344 720 negotia
365 669 551 707 conficiat
569 681 578 714 ;
614 671 656 706 in
677 671 910 719 primisque,
933 669 1042 719 quod
1064 672 1101 707 ei
1122 672 1369 707 carissimum

180 729 256 767 est,
273 723 516 773 dignitatem
533 724 617 760 eius
634 723 709 759 tibi
724 722 963 760 commendo
981 735 991 766 ;
1020 723 1143 773 idque
1160 736 1184 760 a
1198 729 1242 761 te
1257 729 1369 773 peto,
1410 751 1417 759 ,

179 776 287 827 quod
303 779 388 826 ipse
405 778 447 813 in
462 778 665 826 provincia
680 774 814 813 facere
831 789 920 813 sum
936 775 1075 813 solitus
1092 789 1174 814 non
1188 782 1368 828 rogatus,

179 836 226 868 ut
250 830 434 867 omnibus
460 830 712 867 senatoribus
736 829 895 867 lictores
921 829 1088 874 darem;
1128 830 1236 880 quod
1260 830 1369 868 idem

179 896 415 933 acceperam
435 888 478 920 et
497 896 764 933 cognoveram
784 896 807 919 a
827 885 991 920 summis
1011 885 1102 920 viris
1121 881 1368 921 factitatum.

178 936 267 975 Hoc
282 939 418 987 igitur,
434 938 488 972 mi
504 935 700 981 Cornifici,
716 935 852 981 facies,
868 938 1094 986 ceterisque
1108 936 1228 974 rebus
1243 939 1369 974 omni-

179 991 253 1028 bus
278 993 362 1027 eius
387 990 577 1040 dignitati
600 992 754 1040 reique,
778 992 810 1027 si
834 1002 899 1027 me
924 1002 1048 1034 amas,
1072 989 1267 1027 consules.
1321 989 1370 1028 Id

180 1047 257 1082 erit
276 1043 375 1080 mihi
393 1046 678 1094 gratissimum.
734 1043 798 1080 Da
818 1056 997 1093 operam,
1017 1049 1064 1080 ut
1083 1043 1231 1081 valeas.

712 1162 834 1199 XXII

489 1261 535 1287 M.
553 1261 591 1286 Τ.
611 1262 644 1286 C.
664 1261 695 1286 S.
716 1261 752 1286 P.
772 1261 812 1287 D.
831 1261 1057 1301 CORNIFICIO

594 1327 741 1365 Romae,
759 1338 865 1360 A.U.c.
883 1329 960 1360 710.

142 1402 160 1436 1
231 1397 312 1434 Nos
327 1397 389 1434 hic
403 1410 494 1434 cum
507 1396 668 1433 homine
681 1395 920 1446 gladiatore,
933 1397 1111 1433 omnium
1124 1398 1368 1447 nequissimo

178 1450 334 1501 collega
366 1455 516 1494 nostro,
550 1449 743 1494 Antonio,
777 1449 928 1487 bellum
960 1451 1150 1500 gerimus,
1184 1450 1256 1488 sed
1289 1463 1369 1487 non

230 1549 245 1564 ⁰
269 1545 338 1577 For
351 1543 529 1577 Anicius’s
542 1546 695 1575 extreme
708 1544 879 1585 intimacy
891 1543 975 1576 with
989 1543 1112 1576 Cicero
1123 1554 1181 1577 see
1193 1545 1252 1577 vii.
1264 1546 1321 1577 26.
1333 1546 1367 1577 2.

182 1588 233 1620 As
258 1588 303 1620 he
327 1597 399 1620 was
423 1585 573 1629 granted
597 1596 620 1618 a
645 1586 754 1618 libera
780 1586 906 1628 leyatio
931 1586 976 1619 he
1001 1589 1096 1619 must
1119 1587 1210 1620 have
1233 1587 1323 1620 been
1346 1598 1368 1619 a

183 1634 334 1663 senator.

231 1673 244 1692 ¹²
270 1673 302 1705 A
318 1672 411 1714 legal
426 1672 546 1705 fiction
562 1671 727 1713 whereby
738 1682 760 1703 a
776 1674 917 1704 senator
932 1671 1037 1704 could
1052 1671 1151 1704 leave
1168 1672 1281 1705 Rome
1296 1671 1368 1705 and

182 1716 293 1749 travel
305 1716 388 1748 with
401 1718 539 1757 greater
551 1714 712 1747 comfort.
761 1714 794 1746 It
806 1724 877 1747 was
890 1714 949 1747 onl
986 1714 1137 1756 granted
1149 1717 1186 1747 to
1198 1718 1367 1754 senators,

183 1759 262 1791 who
290 1759 372 1792 thus
399 1757 567 1791 travelled
595 1760 633 1790 at
659 1757 719 1790 the
746 1767 896 1799 expense
923 1768 944 1790 ο
987 1757 1047 1790 the
1074 1757 1185 1791 State.
1234 1757 1366 1796 Cicero,

186 1802 285 1834 when
311 1800 446 1839 consul,
474 1799 720 1833 endeavoured
745 1803 782 1832 to
809 1799 921 1832 check
947 1800 1017 1832 this
1043 1800 1165 1839 abuse,
1192 1800 1259 1834 but
1283 1800 1367 1842 only

183 1844 376 1877 succeeded
399 1845 435 1876 in
458 1844 611 1886 limiting
626 1854 649 1876 a
665 1844 773 1876 libera
796 1843 922 1884 leqatio
937 1846 973 1876 to
987 1854 1009 1875 a
1023 1843 1136 1886 single
1157 1853 1254 1887 year.
1301 1843 1367 1877 See

187 1891 267 1920 note
282 1899 304 1919 a
319 1898 364 1920 on
380 1897 416 1929 p.
432 1889 510 1919 428.

230 1935 242 1950 ⁰
267 1930 310 1963 In
326 1930 386 1963 the
401 1933 585 1971 augurate.

188 1986 264 2024 590
