1430 2242
623 47 821 86 CICERO

130 149 248 187 modo
262 150 421 195 beatus,
435 151 508 189 sed
520 150 622 189 liber
635 154 796 190 omnino
810 151 946 198 fuisse,
960 153 1091 204 dirupi
1104 165 1171 191 me
1183 166 1315 204 paene

128 215 170 251 in
193 214 338 252 iudicio
364 215 469 252 Galli
494 215 649 262 Canini,
673 215 877 255 familiaris
901 219 975 256 tui.
1029 217 1149 266 Quod
1172 219 1205 256 si
1227 223 1315 256 tam

127 276 287 316 facilem
319 280 512 330 populum
545 280 752 327 haberem,
787 295 908 333 quam
942 282 1125 333 Aesopus
1157 281 1314 328 habuit,

126 341 301 382 libenter
333 344 563 383 mehercule
596 351 728 383 artem
761 346 987 385 desinerem
1020 353 1238 398 tecumque
1271 352 1314 385 et

127 421 219 446 cum
243 408 437 447 similibus
462 412 587 447 nostri
612 413 800 449 viverem.
855 411 960 450 Nam
983 424 1050 450 me
1075 425 1167 450 cum
1191 417 1315 449 antea

127 472 337 519 taedebat,
356 487 448 512 cum
469 480 512 512 et
530 480 644 513 aetas
666 481 708 513 et
727 476 894 514 ambitio
914 489 980 514 me
998 475 1251 520 hortabatur,
1271 481 1314 514 et

126 536 275 575 licebat
295 538 485 590 denique,
506 553 628 590 quem
649 539 849 586 nolebam,
869 554 950 578 non
970 540 1203 585 defendere,
1224 546 1313 578 tum

126 615 220 640 vero
264 602 339 641 hoc
383 609 567 654 tempore
610 607 693 642 vita
736 605 845 642 nulla
889 611 964 643 est.
1018 605 1162 665 Neque
1206 607 1313 643 enim

125 665 302 706 fructum
332 668 458 706 ullum
486 668 631 707 laboris
662 675 867 720 exspecto,
898 675 941 709 et
969 683 1089 721 cogor
1117 683 1313 708 nonnum-

127 745 249 783 quam
277 732 460 772 homines
490 747 571 772 non
600 736 753 784 optime
783 735 835 773 de
864 747 931 773 me
960 737 1139 780 meritos,
1167 739 1312 785 rogatu

87 802 109 833 5
128 809 279 843 eorum,
317 800 386 849 qui
421 798 528 836 bene
563 801 698 836 meriti
734 804 842 844 sunt,
878 797 1112 838 defendere.
1167 799 1312 849 Itaque

127 874 276 912 quaero
314 874 453 901 causas
490 876 630 901 omnes
667 863 881 914 aliquando
918 864 1077 902 vivendi
1114 862 1311 902 arbitratu

126 939 218 964 meo
235 939 245 972 3
295 932 421 978 teque
458 932 502 965 et
536 930 655 966 istam
691 930 889 966 rationem
925 931 982 966 oti
1017 930 1078 966 tui
1112 933 1158 981 et
1191 927 1310 981 laudo

126 991 390 1030 vehementer
409 997 451 1030 et
468 992 594 1042 probo
613 1005 622 1030 :
655 993 844 1043 quodque
862 1006 933 1031 nos
951 995 1082 1031 minus
1099 995 1311 1038 intervisis,

126 1055 200 1094 hoc
215 1055 301 1094 fero
316 1059 450 1094 animo
465 1059 669 1107 aequiore,
684 1057 805 1108 quod,
821 1060 854 1095 si
868 1057 1021 1096 Romae
1037 1070 1158 1103 esseS,
1172 1063 1311 1095 tamen
1347 1096 1351 1097 ⁷

125 1133 259 1172 neque
277 1134 349 1159 nos
367 1121 504 1171 lepore
522 1126 594 1159 tuo
612 1134 745 1173 neque
764 1127 807 1159 te
826 1122 875 1173 (si
894 1125 962 1172 qui
981 1127 1044 1160 est
1061 1124 1102 1159 in
1119 1122 1202 1174 me)
1218 1134 1311 1159 meo

125 1185 203 1223 frui
219 1185 359 1223 liceret
374 1191 542 1236 propter
557 1185 856 1224 molestissimas
873 1189 1156 1237 occupationes
1171 1199 1283 1225 meas
1300 1199 1310 1231 ;

126 1251 270 1301 quibus
292 1253 325 1288 si
346 1263 412 1288 me
433 1250 615 1288 relaxaro
638 1251 762 1302 (nam,
784 1257 831 1289 ut
851 1251 971 1301 plane
994 1251 1210 1297 exsolvam,
1230 1265 1311 1290 non

125 1315 315 1366 postulo),
335 1320 379 1352 te
398 1318 543 1365 ipsum,
563 1318 631 1366 qui
651 1315 798 1353 multos
817 1329 942 1354 annos
962 1315 1060 1354 nihil
1078 1316 1188 1355 aliud
1204 1329 1311 1355 com-

125 1382 332 1425 mentaris,
350 1379 503 1418 docebo
519 1379 716 1430 profecto,
734 1380 831 1431 quid
847 1382 900 1418 sit
916 1380 1147 1418 humaniter
1163 1383 1309 1419 vivere.

124 1444 186 1483 Tu
208 1444 306 1482 mihi
327 1445 447 1482 modo
469 1447 590 1482 istam
611 1435 930 1482 imbecillitatem
952 1444 1192 1484 valetudinis
1213 1451 1310 1484 tuae

126 1514 310 1547 sustenta
331 1514 375 1547 et
395 1514 525 1554 tuere,
547 1514 594 1547 ut
613 1508 724 1554 facis,
746 1515 793 1547 ut
813 1515 968 1547 nostras
990 1509 1102 1548 villas
1121 1510 1245 1556 obire,
1267 1515 1310 1548 et

86 1579 108 1611 6
125 1587 285 1611 mecum
311 1573 429 1611 simul
454 1573 640 1612 lecticula
666 1587 901 1612 concursare
926 1576 1066 1625 possis.
1118 1566 1232 1612 Haec
1257 1575 1310 1614 ad

125 1644 169 1677 te
190 1638 369 1689 pluribus
390 1639 521 1676 verbis
544 1640 694 1688 scripsi,
717 1651 838 1689 quam
860 1637 982 1684 soleo,
1003 1652 1085 1677 non
1106 1641 1164 1677 oti
1184 1639 1309 1677 abun-

126 1703 279 1748 dantia,
297 1702 369 1741 sed
387 1705 530 1740 amoris
549 1715 646 1753 erga
663 1707 720 1748 te,
739 1703 847 1753 quod
864 1716 930 1740 me
948 1703 1124 1754 quadam
1141 1703 1309 1754 epistola

181 1854 196 1870 ⁰
218 1849 375 1882 Tribune
390 1849 430 1882 of
448 1849 508 1882 the
525 1848 625 1891 plebs
647 1849 683 1881 in
699 1850 741 1881 56
767 1859 829 1882 13.c.
853 1848 891 1889 (i.
907 1851 940 1880 2.
963 1850 985 1881 2
1007 1849 1078 1882 and
1094 1849 1142 1891 4).
1186 1849 1308 1882 Cicero
1427 1866 1430 1867 ν

126 1891 302 1926 defended
327 1892 400 1924 him
424 1893 459 1924 in
484 1894 538 1926 53.
587 1891 643 1924 He
658 1902 731 1924 was
752 1891 836 1925 with
858 1891 981 1925 Cicero
995 1894 1034 1925 at
1048 1891 1185 1926 Athens
1200 1893 1237 1924 in
1252 1894 1307 1925 51.
1424 1896 1430 1934 ξ

130 1934 186 1967 He
200 1945 272 1968 was
287 1947 309 1968 a
324 1934 440 1967 friend
456 1935 495 1968 of
506 1935 633 1974 Varro,
649 1934 720 1967 and
737 1934 817 1967 died
835 1936 869 1967 in
886 1936 941 1966 44.
1424 1938 1430 1964 ε

133 1992 156 2024 g
1424 1965 1430 2011 i
