1430 2242
635 34 836 74 CICERO

140 137 293 178 metuo,
315 147 368 172 ne
388 136 602 175 artificium
622 143 739 176 tuum
759 139 835 177 tibi
854 153 998 190 parum
1017 143 1157 191 prosit.
1211 140 1329 186 Nam,

141 191 189 224 ut
205 187 339 233 audio,
357 191 446 227 istic

235 275 306 297 non
343 277 385 299 ex
421 267 496 300 iure
532 278 681 302 manum
714 274 926 310 consertum,
957 271 1019 305 sed
1057 282 1161 314 mage
1189 270 1283 305 ferro

233 318 307 340 rem
322 313 497 351 repetunt.

139 375 197 413 At
221 381 267 413 tu
292 390 373 414 non
401 378 520 416 soles1
541 379 593 418 ad
612 382 691 417 vim
710 380 940 420 faciundam
960 382 1157 429 adhiberi,
1195 397 1327 434 neque

140 435 203 466 est
217 431 325 480 quod
337 430 447 468 illam
461 434 743 482 exceptionem
755 436 798 471 in
809 434 1025 473 interdicto
1038 439 1299 486 pertimescas
1317 451 1326 474 :

139 495 244 524 QUOD
271 496 324 522 TU
351 497 474 522 pmcn
499 498 540 523 vx
569 499 791 525 H0M1N113us
819 501 992 526 ARMATm
1019 501 1100 527 NON
1131 502 1326 529 VENnms:

138 535 226 574 Scio
246 540 366 583 enim,
384 543 428 576 te
445 552 526 577 non
544 552 631 578 esse
648 554 859 590 procacem
876 544 918 579 in
934 542 1180 583 lacessendo.
1233 543 1326 589 Sed,

138 595 185 627 ut
225 603 300 641 ego
340 604 502 642 quoque
540 598 584 631 te
624 594 775 644 aliquid
813 595 1054 634 admoneam
1093 596 1145 634 de
1183 600 1325 635 vestris

136 645 403 690 cautionibus,
428 646 610 685 Treviros
635 650 738 686 vites
763 661 921 687 censeo.
975 650 1108 688 Audio
1133 650 1325 700 capitales

138 710 238 735 esse.
295 698 463 737 Mallem
482 713 593 746 auro,
611 714 719 747 aere,
738 708 909 752 argento
929 708 1078 741 essent.
1130 703 1211 742 Sed
1228 703 1324 742 alias

137 751 368 790 iocabimur.
421 753 483 790 Tu
501 754 554 791 ad
573 767 639 792 me
658 754 710 793 de
729 757 816 794 istis
834 756 954 794 rebus
973 757 1158 795 omnibus
1177 758 1324 796 scribas

136 803 257 842 velim
276 818 398 856 quam
418 806 737 859 diligentissime.

682 936 779 974 XIV

549 1044 688 1070 CICERO
714 1045 911 1071 TREBATIO

549 1125 695 1165 Romae,
712 1137 818 1160 A.u.c.
837 1129 914 1160 701.

97 1217 110 1246 1
185 1208 431 1260 Chrysippus
455 1210 631 1256 Vettius,
655 1211 749 1263 Cyri
772 1212 982 1250 architecti
1006 1212 1188 1259 libertus,
1211 1212 1322 1259 fecit,

137 1268 182 1300 ut
202 1268 246 1300 te
267 1276 348 1300 non
368 1266 648 1303 immemorem
669 1271 857 1315 putarem
877 1268 958 1304 mei
977 1279 987 1312 ;
1022 1266 1196 1305 salutem
1218 1270 1324 1306 enim

350 1340 365 1361 ¹
389 1341 435 1374 So
450 1343 553 1375 reads
571 1342 796 1385 Shuckburyh
811 1357 820 1375 τ
845 1347 880 1376 et
895 1347 935 1376 tu
951 1343 1041 1377 soles
1061 1344 1113 1378 M.

181 1431 196 1446 ⁰
221 1426 371 1459 lisanum
394 1438 434 1459 ex
456 1427 533 1460 iure
555 1433 799 1461 φωνάν-Μετ’*
808 1431 845 1461 to
868 1428 975 1461 make
996 1439 1019 1461 a
1037 1429 1129 1471 joint
1151 1429 1320 1468 seizure,’‘

135 1469 196 1502 the
221 1469 363 1511 litigant
390 1471 520 1511 parties
547 1470 671 1513 laying
696 1471 787 1504 their
814 1471 929 1504 hands
956 1472 1247 1514 simultaneously
1274 1482 1322 1505 on

135 1512 195 1545 the
210 1515 380 1554 property
397 1514 433 1545 in
450 1513 603 1555 dispute,
615 1514 702 1547 each
719 1514 888 1557 claiming
905 1516 932 1548 it
948 1525 988 1548 as
1004 1515 1058 1548 his
1070 1526 1160 1548 own.
1207 1515 1321 1549 There

134 1556 164 1587 is
184 1555 259 1588 also
279 1566 301 1587 a
321 1555 496 1589 reference
517 1560 554 1589 to
573 1568 717 1590 ‘manum
737 1568 910 1591 conserere
931 1559 967 1590 in
988 1558 1048 1591 the
1068 1568 1168 1591 sense
1189 1557 1229 1591 of
1248 1558 1269 1572 “
1283 1562 1318 1591 to

129 1597 207 1662 joip
219 1598 848 1676 lulagtffissnsTffiaffagtssltlffleigissgffi
858 1600 1319 1677 Ehldghhss’egqtr'igllgrqicgqffiis

133 1688 326 1736 opponent,
343 1685 534 1727 according
550 1689 587 1718 to
604 1686 665 1719 the
682 1688 834 1728 proviso,
853 1686 969 1719 would
987 1687 1077 1719 have
1094 1687 1154 1720 the
1171 1668 1266 1729 right
1282 1686 1322 1720 of

134 1727 358 1813 regngasslay
379 1781 426 1804 on
455 1771 592 1804 Treviri
622 1771 659 1813 (a
689 1771 901 1821 formidable
930 1772 1021 1805 tribe
1050 1773 1086 1805 in
1114 1771 1230 1815 Gaul)
1246 1772 1318 1805 and

135 1813 303 1853 Tresviri,
332 1813 383 1856 (1)
414 1814 475 1847 the
507 1814 663 1847 Tresviri
695 1815 863 1856 capitales
896 1815 976 1848 who
1013 1814 1084 1848 had
1118 1815 1249 1857 charge
1280 1815 1320 1848 of

132 1858 319 1898 prisonem,
343 1858 555 1896 executions,
579 1861 644 1891 etc.
668 1857 821 1900 (though
844 1858 1012 1900 capitales
1034 1858 1116 1891 here
1138 1869 1223 1900 may
1242 1857 1318 1891 also

132 1910 236 1932 mean
268 1900 288 1913 “
304 1900 435 1942 deadly
463 1900 540 1933 folk
570 1904 607 1934 to
637 1900 716 1934 deal
739 1901 823 1934 with
839 1900 888 1942 ’')‚
910 1900 980 1934 and
1004 1900 1058 1943 (2)
1079 1901 1139 1934 the
1163 1901 1317 1934 Tresviri

135 1956 186 1988 44
