1448 2236
653 70 853 110 CICERO

155 187 299 226 gamus
318 187 389 212 nos
410 175 486 212 tibi
505 187 626 212 curae
647 187 748 219 esse,
768 173 970 226 σύνταγμα
987 176 1226 215 conscribas.
1267 177 1345 226 Qui

156 229 231 266 tibi
268 230 386 273 istuc,
424 230 570 278 inquis,
606 230 649 265 in
685 233 868 266 mentem
909 231 1035 275 venit,
1077 229 1229 268 homini
1264 244 1346 270 non

154 282 325 333 inepto?
380 280 508 332 Opto1
536 281 689 332 aliquid
721 295 772 320 ex
805 287 891 320 tam
922 282 1059 321 multis
1092 285 1174 322 tuis
1205 297 1346 323 monu-

154 338 302 373 mentis
338 341 513 380 exstare,
541 336 651 386 quod
679 341 840 374 nostrae
874 339 1076 375 amicitiae
1109 340 1345 377 memoriam

154 392 326 440 posteris
368 402 530 439 quoque
571 389 730 439 prodat.
784 389 1016 428 Cuiusmodi
1057 390 1190 437 velim,
1230 398 1344 442 puto,

156 445 328 494 quaeris.
380 443 442 480 Tu
476 445 608 488 citius,
643 445 711 494 qui
746 456 908 481 omnem
941 446 1048 482 nosti
1082 444 1344 495 disciplinam,

156 497 254 548 quid
267 499 443 534 maxime
457 499 684 542 conveniat,
701 497 962 547 excogitabis.
1016 497 1177 536 Genere
1190 504 1343 545 tamen,

155 551 265 602 quod
291 556 334 588 et
358 550 411 588 ad
437 563 508 588 nos
533 553 752 601 pertineat,
775 556 818 588 et
838 550 1092 589 διδασκαλίαν
1111 551 1343 603 quamdam,

155 610 203 643 ut
221 609 403 642 versetur
422 606 529 642 inter
547 617 703 649 manus,
722 603 886 642 habeat.

722 749 779 787 IV

421 847 468 874 M.
495 848 653 874 CAELIUS
679 847 712 874 S.
740 848 779 874 D.
807 847 853 874 M.
880 847 1064 874 CICERONI

569 922 716 961 Romae,
732 933 839 955 A.u.c.
857 923 935 955 703.

128 999 142 1030 1
215 991 380 1030 Invideo
410 991 510 1037 tibi;
551 995 638 1028 tam
667 989 795 1027 multa
825 990 1019 1040 quotidie,
1048 1002 1154 1040 quae
1184 992 1342 1036 mirere,

155 1050 258 1084 istuc
275 1044 547 1096 perferuntur.
601 1043 779 1081 Primum
796 1043 908 1088 illud,
926 1042 1156 1081 absolutum
1175 1043 1342 1082 Messal-

156 1100 236 1138 lam
254 1112 264 1144 ;
293 1098 440 1137 deinde
461 1097 650 1135 eumdem
667 1097 981 1135 condemnatum
999 1109 1008 1142 ;
1037 1096 1083 1135 C.
1105 1097 1342 1136 Marcellum

156 1152 360 1192 consulem
396 1151 578 1196 factum3
624 1151 683 1189 M.
722 1150 919 1188 Calidium
956 1163 981 1188 a
1011 1149 1172 1201 repulsa
1206 1156 1342 1201 postu-

155 1208 284 1245 latum
309 1219 334 1244 a
359 1205 497 1243 Galliis
523 1205 707 1249 duobus3
748 1204 792 1242 P.
819 1203 1073 1242 Dolabellam
1098 1204 1344 1255 quindecim-

155 1264 285 1299 virum
318 1259 485 1297 factum.
540 1258 627 1296 Hoc
662 1258 736 1295 tibi
770 1271 851 1295 non
885 1257 1058 1302 invideo,
1093 1260 1266 1295 caruisse
1299 1264 1343 1296 te

155 1314 421 1366 pulcherrimo
460 1311 703 1362 spectaculo,
742 1316 785 1349 et
824 1310 987 1348 Lentuli
1025 1310 1159 1349 Cruris
1195 1311 1342 1362 repulsi

156 1368 311 1407 vultum
325 1381 406 1405 non
419 1367 577 1404 vidisse.
631 1365 689 1403 At
703 1378 782 1415 qua
796 1378 881 1414 spe,
896 1378 1018 1415 quarn
1031 1370 1143 1402 certa
1157 1367 1343 1414 opinione

156 1420 449 1461 descenderat!
497 1432 619 1470 quam
649 1421 735 1470 ipso
766 1418 973 1457 diffidente
1005 1417 1243 1456 Dolabella!
1289 1419 1345 1457 Et

204 1507 217 1527 ²
244 1507 325 1540 This
335 1516 515 1547 necessary
523 1505 687 1538 addition
699 1505 730 1537 is
737 1504 908 1546 probably
919 1504 986 1536 due
999 1506 1032 1536 to
1042 1502 1159 1536 Klotz.
1195 1503 1345 1546 Tyrrell.

208 1613 223 1629 α
246 1609 271 1641 i.
274 1618 314 1646 e„
346 1606 501 1640 Cicero’s
533 1605 664 1643 works,
698 1605 814 1638 which
845 1603 965 1638 would
996 1603 1041 1637 be
1070 1603 1126 1636 his
1158 1603 1346 1646 perpetual

166 1649 443 1684 “monument”
460 1660 500 1682 or
517 1647 772 1681 “memoriaL'¹

210 1694 223 1714 ⁶
247 1694 314 1728 See
329 1693 397 1735 Ep.
415 1694 436 1725 2
453 1692 493 1724 of
505 1691 574 1724 this
593 1691 706 1723 Book.

211 1742 223 1758 ⁶
247 1738 272 1770 i.
275 1748 316 1775 e.,
338 1736 394 1769 for
420 1735 480 1768 the
507 1745 592 1776 year
619 1737 675 1772 50,
697 1734 780 1766 thus
808 1732 1019 1774 succeeding
1045 1732 1100 1765 his
1126 1732 1261 1770 cousin,
1292 1731 1344 1764 M.

164 1780 366 1818 Marcellus,
394 1746 531 1811 consuly
545 1779 581 1810 in
610 1779 665 1809 51.
713 1776 873 1809 Another
901 1775 941 1808 C.
974 1774 1175 1813 Marcellus,
1203 1755 1347 1807 brother

162 1824 202 1857 of
219 1824 270 1856 M.
292 1822 493 1859 Marcellus,
510 1831 581 1853 was
597 1819 744 1853 consul'
736 1830 772 1851 in
788 1822 844 1852 49.

209 1867 225 1886 α
249 1866 307 1899 On
343 1877 365 1898 a
400 1865 531 1906 charge
559 1863 600 1896 of
626 1862 800 1900 ambitus,
834 1861 933 1894 there
967 1870 1039 1894 was
1068 1870 1115 1893 an
1146 1859 1346 1902 hereditary

161 1909 247 1943 feud
264 1910 422 1942 between
438 1908 498 1940 the
515 1906 622 1940 Gallii
637 1905 708 1938 and
726 1905 786 1938 the
802 1904 941 1937 Calidii.

210 1958 223 1974 ⁰
246 1951 464 1985 Afterwards
488 1950 549 1983 the
574 1948 738 1982 husband
765 1947 804 1980 of
828 1945 980 1981 Cicero's
1005 1945 1192 1988 daughter,
1217 1944 1345 1978 Tullia.

172 2009 245 2043 110
