1448 2236
687 33 889 109 CICERb

191 176 388 211 maximos
402 176 663 225 magistratus
679 174 902 225 gerentes),
917 174 1026 212 nullo
1046 174 1234 226 exemplo
1247 189 1381 227 neque

192 240 330 274 nostra
345 248 395 272 ex
410 240 528 285 parte
542 236 779 286 provocati‚1
794 248 927 286 neque
942 241 1079 274 nostro
1091 240 1382 287 praesentium,

192 309 325 347 neque
357 298 585 334 imminenti
618 295 762 334 Italiae
795 297 965 348 urbique
997 303 1158 336 nostrae
1190 298 1381 350 periculo,

190 361 223 396 si
245 358 311 396 ille
332 358 530 408 parricida
551 371 643 396 cum
664 360 744 396 suis
764 357 986 396 latronibus
1008 360 1190 405 navibus,
1211 373 1262 398 ex
1285 360 1382 398 Asia

193 418 390 471 Syriaque
429 419 632 469 expulsus,
670 419 833 458 Italiam
865 423 1050 470 petisset,
1086 421 1255 467 mederi,
1290 434 1382 460 cum

153 487 174 517 5
192 480 309 519 facile
328 487 507 531 possent,
521 481 747 519 voluerunt.
800 481 1008 520 Nonnullis
1029 484 1154 520 etiam
1167 484 1243 533 ipsi
1256 486 1383 535 magi-

193 548 343 580 stratus
367 543 587 580 veniebant
613 545 656 580 in
683 545 964 593 suspicionem,
987 544 1208 582 detinuisse
1233 558 1319 590 nos,
1338 550 1382 583 et

193 604 391 642 demorati
419 617 520 649 esse,
547 604 645 642 dum
670 604 804 642 classis
831 604 1068 643 Dolabellae
1094 608 1240 643 certior
1265 606 1382 645 fieret

193 666 245 704 de
275 666 454 704 adventu
483 671 632 703 nostro.
686 665 819 712 Quam
847 668 1113 716 suspicionem
1141 673 1382 706 consecutae

193 741 255 765 res
277 727 430 778 aliquot
449 733 650 765 auxerunt
668 739 678 772 3
711 730 887 765 maxime
907 728 1167 781 quodsubito
1187 742 1238 767 ex
1258 728 1383 780 Lycia

193 788 286 827 Sex.
304 789 458 827 Marius
474 794 517 827 et
532 788 577 826 C.
591 789 719 827 Titius
733 788 859 840 legati
875 788 1112 827 Dolabellae
1127 803 1152 827 a
1164 789 1290 828 classe
1304 791 1382 841 dis->

193 856 402 889 cesserunt
415 853 588 901 navique
601 850 722 902 longa
734 849 1002 902 profugerunt
1015 853 1206 889 onerariis
1219 851 1382 897 relictis3

193 915 235 949 in
256 913 400 963 quibus
421 911 654 963 colligendis
675 925 756 950 non
776 914 987 950 minimum
1006 915 1200 962 temporis
1219 912 1383 952 laboris-

194 987 274 1025 que
295 979 640 1024 consumpserant.
694 973 840 1024 Itaque
861 986 953 1011 cum
974 974 1026 1011 ab
1047 973 1189 1012 Rhodo
1209 987 1302 1012 cum
1320 977 1381 1020 iis,

195 1049 294 1087 quas
328 1035 611 1080 habueramus,
645 1036 812 1072 navibus
845 1037 888 1072 in
922 1034 1089 1086 Lyciam
1122 1038 1381 1082 venissemus,

195 1110 316 1135 naves
345 1099 546 1134 onerarias
573 1099 797 1147 recepimus
826 1096 1077 1147 dominisque
1105 1099 1382 1143 restituimus;

194 1159 413 1210 iidemque,
434 1158 542 1209 quod
561 1161 738 1195 maxime
759 1158 1010 1203 verebamur,
1031 1170 1082 1196 ne
1102 1164 1240 1208 posset
1261 1158 1382 1197 Dola-

194 1220 301 1258 bella
327 1233 419 1258 cum
446 1222 526 1258 suis
552 1219 774 1257 latronibus
801 1222 844 1256 in
872 1218 1033 1257 Italiam
1060 1222 1210 1265 venire,
1237 1222 1382 1259 timere

195 1282 384 1320 desiimus
403 1293 413 1326 ;
446 1281 614 1319 classem
632 1279 859 1331 fugientem
878 1283 1079 1330 persecuti
1098 1293 1235 1319 sumus
1254 1294 1381 1332 usque
1446 1324 1448 1327 ¹

194 1343 346 1388 Sidam,
382 1355 487 1394 quae
525 1348 709 1380 extrema
743 1345 855 1393 regio
892 1347 955 1379 est
989 1344 1216 1392 provinciae
1251 1355 1382 1381 meae.

156 1411 177 1443 6
196 1405 258 1443 Ibi
294 1406 462 1456 cognovi
497 1410 658 1454 partem
693 1406 855 1441 navium
892 1402 1129 1441 Dolabellae
1164 1401 1382 1454 diffugisse,
1444 1418 1448 1456 Ξ·

194 1466 368 1517 reliquas
400 1465 556 1516 Syriam
587 1465 847 1515 Cyprumque
879 1467 1058 1515 petiisse.
1121 1463 1277 1511 Quibus
1305 1465 1383 1502 dis·
1441 1483 1448 1499 .‹

194 1530 323 1572 iectiS,
342 1540 434 1564 cum
453 1529 595 1564 scirem
622 1526 667 1563 C.
689 1526 812 1571 Cassi,
832 1525 1042 1577 singularis
1064 1527 1159 1563 civis
1187 1530 1231 1563 et
1257 1525 1382 1571 ducis,
1440 1522 1448 1533 ⁵

195 1589 363 1627 classem
375 1590 594 1625 maximam
608 1586 693 1624 fore
708 1593 870 1636 praesto
889 1589 931 1623 in
945 1586 1072 1638 Syria,
1085 1586 1138 1624 ad
1151 1599 1287 1624 meum
1301 1587 1383 1624 offi-

195 1654 301 1688 cium
326 1651 500 1694 reverti3
528 1649 714 1698 daboque
744 1661 922 1697 operam,
951 1654 997 1685 ut
1025 1660 1162 1685 meum
1190 1648 1381 1694 studium,

196 1712 448 1763 diligentiam
473 1710 597 1754 vobis,
621 1715 758 1759 patres
782 1711 1009 1758 conscripti,
1034 1710 1173 1759 reique
1198 1708 1382 1757 publicae

482 1795 495 1816 ¹
519 1795 701 1838 provocati
716 1793 869 1826 inserted
884 1793 926 1834 by
945 1791 1094 1834 Tyrrell.

1286 1864 1380 1871 —-.

625 1905 640 1921 ⁰
664 1900 707 1933 In
724 1899 946 1941 Pamphylia.

338 1947 351 1967 ⁶
376 1945 445 1979 For
461 1944 501 1978 C.
518 1944 660 1978 Cassius
678 1944 876 1977 Parmensis
892 1953 949 1977 see
964 1945 1046 1975 note
1062 1953 1109 1975 on
1128 1944 1180 1975 13.
1200 1945 1230 1975 l.

127 1974 130 1976 ³
198 2002 276 2040 572
