1448 2236
669 78 870 117 CICERO

175 185 257 222 lam
273 184 325 222 ad
339 197 406 222 me
420 186 620 229 mitteret,
636 197 716 234 quo
731 183 871 222 obside
887 183 967 223 fide
981 183 1086 222 illius
1102 190 1146 223 et
1159 187 1364 224 societatis

175 241 219 276 in
251 237 458 288 republica
492 237 810 275 administranda
843 243 995 275 uterer.
1046 237 1235 277 Studium
1266 240 1365 278 mihi

176 305 294 330 suum
320 291 368 329 L.
392 291 545 329 Gellius
573 291 626 329 de
653 291 781 329 tribus
804 289 994 330 fratribus
1022 304 1066 329 se
1093 293 1366 344 segregando1

176 346 363 397 probavit
381 357 391 390 3
424 358 504 396 quo
524 358 600 396 ego
618 347 844 395 interprete
862 347 1076 383 novissime
1094 345 1147 383 ad
1165 345 1366 398 Lepidum

176 413 266 438 sum
279 412 387 436 usus.
441 399 630 436 Amicum
646 411 739 436 eum
751 398 996 449 reipublicae
1008 411 1202 450 cognosse
1214 400 1366 446 videor,

175 453 434 503 libenterque
459 454 496 490 ei
524 465 613 490 sum
637 454 884 498 testimonio,
910 457 954 490 et
980 453 1165 491 omnibus
1191 466 1273 498 ero,
1297 457 1366 505 qui

176 507 283 545 bene
308 511 531 544 merentur.
585 506 665 544 Fac
690 506 839 551 valeas,
864 518 1013 556 meque
1038 511 1182 544 mutuo
1208 507 1366 558 diligas,

176 561 505 611 dignitatemque
522 572 672 604 meam,
691 562 723 597 si
743 573 915 604 mereor,
929 562 1095 606 tuearis,
1113 562 1218 599 sicut
1236 561 1366 600 adhuc

176 613 370 665 singulari
387 627 480 651 cum
497 613 783 652 benevolentia
801 613 946 652 fecisti.

703 769 845 807 XVIII

583 867 754 894 PLANCUS
781 868 966 894 CICERONI

485 941 529 975 In
545 943 668 975 castris
685 941 842 980 Gallicis,
859 953 965 975 A.u.c.
984 945 1062 976 711.

139 1025 156 1059 l
228 1019 338 1068 Quid
364 1021 406 1057 in
434 1012 576 1057 anirno'
594 1018 819 1063 habuerim,
845 1031 938 1056 cum
966 1017 1124 1057 Laevus
1151 1018 1367 1071 Nervaque

177 1075 449 1113 discesserunt
470 1086 494 1110 a
511 1085 592 1118 me,
613 1077 657 1110 et
677 1084 727 1110 ex
746 1071 908 1117 litteris,
927 1084 1027 1123 quas
1048 1075 1104 1110 eis
1125 1073 1234 1119 dedi,
1253 1079 1297 1112 et
1316 1087 1366 1112 ex

176 1130 274 1178 ipsis
308 1139 551 1178 cognoscere
583 1127 767 1176 potuisti,
802 1127 870 1176 qui
904 1126 1089 1164 omnibus
1121 1127 1242 1165 rebus
1275 1140 1368 1166 con-

177 1181 355 1232 siliisque
402 1182 504 1218 meis
551 1178 839 1217 interfuerunt.
892 1179 1069 1217 Accidit*
1099 1179 1212 1226 mihi,
1259 1181 1368 1231 quod

176 1235 329 1273 homini
359 1233 532 1284 pudenti
566 1238 609 1270 et
640 1232 786 1283 cupido
818 1231 1092 1270 satisfaciendi
1122 1233 1367 1284 reipublicae

178 1290 375 1339 bonisque
407 1286 591 1325 omnibus
625 1286 807 1324 accidere
839 1286 957 1331 solet,
988 1291 1035 1324 ut
1066 1287 1275 1324 consilium
1306 1301 1367 1326 se-

177 1355 324 1394 querer
342 1340 612 1392 periculosum
631 1342 774 1390 magis,
794 1339 891 1377 dum
910 1352 978 1377 me
995 1339 1224 1390 probarem,
1245 1353 1367 1391 quam
1434 1359 1448 1408 1

135 1400 158 1433 2
176 1401 327 1440 tutum,
349 1394 458 1446 quod
479 1393 630 1432 habere
650 1398 789 1444 posset
811 1393 1165 1431 obtrectationem.
1219 1393 1366 1446 Itaque

174 1455 268 1500 post
286 1449 507 1487 discessum
524 1447 767 1498 legatorum,
780 1459 872 1484 cum
891 1446 994 1484 binis
1007 1447 1206 1485 continuis
1219 1447 1366 1486 litteris

177 1509 220 1541 et
249 1502 428 1553 Lepidus
455 1514 536 1546 me,
562 1506 610 1539 ut
637 1502 831 1545 venirem,
856 1505 1034 1550 rogaret,
1063 1505 1106 1538 et
1135 1499 1366 1539 Laterensis

175 1556 304 1594 multo
335 1557 461 1593 etiam
489 1556 632 1605 magis,
660 1566 788 1604 prope
816 1553 1047 1604 implorans,
1076 1554 1366 1600 obtestaretur,

176 1624 257 1648 non
285 1609 409 1647 ullam
436 1621 523 1645 rem
552 1608 672 1645 aliam
702 1609 985 1652 extimescens,
1014 1620 1136 1657 quam
1166 1608 1366 1654 eamdem,

177 1676 283 1715 quae
308 1662 408 1700 mihi
433 1674 595 1712 quoque
621 1659 719 1698 facit
745 1663 947 1705 timorem,
973 1662 1215 1698 varietatem
1241 1666 1366 1712 atque

228 1741 241 1760 ²
267 1741 335 1774 The
371 1742 440 1773 teaet
475 1739 553 1772 here
588 1738 620 1770 ἐς
655 1737 846 1779 hopelessly
880 1740 1035 1779 corrupt.
1086 1736 1156 1770 Out
1190 1737 1233 1779 of
1261 1749 1366 1781 many
1446 1699 1448 1808 ἰ

178 1784 390 1826 conjectures
417 1782 440 1815 Ι
464 1782 549 1815 have
575 1781 726 1823 adopted
756 1779 987 1814 Giltbrauer's
1014 1790 1052 1813 se
1078 1780 1299 1823 segregando
1325 1793 1366 1815 ae
1445 1815 1448 1823 ,

180 1828 280 1869 being]
295 1827 348 1859 the
361 1829 449 1858 most
460 1824 635 1867 probable.
1444 1825 1448 1893 4

228 1933 243 1947 ⁰
268 1927 407 1960 Laevus
437 1926 577 1967 Cispius
605 1924 678 1957 and
709 1924 827 1957 Nerva
856 1934 947 1957 were
975 1922 1107 1966 legates
1136 1923 1177 1957 of
1204 1922 1365 1958 Plancus.

178 1970 255 2004 The
270 1970 402 2003 former
418 1971 446 2002 is
462 1970 569 2011 again
587 1967 787 2000 mentioned
805 1969 840 2000 in
857 1978 890 1999 x.
907 1969 962 1999 21.
979 1969 1013 1999 3.

189 2027 263 2061 348
