1448 2236
691 71 892 112 CICERO

195 173 366 212 credunt
392 173 546 213 factum
573 181 617 214 et
642 177 830 226 probant.
884 175 992 224 Quid
1018 180 1177 231 quaeris
1193 177 1212 216 ἲ
1236 190 1386 230 magna

195 256 286 294 spes
303 246 421 282 estin
437 258 497 282 eo.
553 244 662 283 Nihil
677 251 753 292 est,
769 247 878 298 quod
892 260 974 285 non
988 250 1243 287 existimetur
1255 246 1385 286 laudis

196 319 239 351 et
265 313 416 365 gloriae
445 328 566 353 causa
592 314 786 354 facturus.
839 317 1040 356 Antonius
1069 323 1221 363 autem,
1249 322 1385 356 noster

193 382 412 430 familiaris,
430 391 547 423 tanto
565 398 608 423 se
627 386 718 424 odio
736 399 824 424 esse
841 386 1057 438 intellegit,
1075 393 1135 432 ut,
1152 400 1244 425 cum
1261 390 1384 425 inter-

194 452 367 492 fectores
394 467 485 493 suos
513 455 621 493 domi
648 456 959 507 comprenderit,
985 470 1072 495 rem
1098 455 1277 508 proferre
1304 469 1383 494 non

194 524 358 562 audeat.
412 525 462 563 A.
497 526 537 564 d.
570 539 642 564 vn.
677 526 773 565 Idus
807 526 974 565 Octobr.
1007 526 1262 565 Brundisium
1296 532 1384 564 erat

191 593 396 644 profectus
425 596 585 633 obviam
614 595 839 647 legionibus
875 596 1147 636 Macedonicis
1181 609 1250 643 1v.,
1283 608 1383 647 quas

191 665 265 702 sibi
290 665 499 703 conciliare
525 669 697 716 pecunia
721 667 942 718 cogitabat,
968 680 1118 718 easque
1144 667 1196 705 ad
1228 666 1382 705 Urbem

151 740 172 772 3
193 735 394 773 adducere
423 741 467 774 et
494 738 535 773 in
564 737 782 775 cervicibus
811 739 956 775 nostris
983 736 1191 776 collocare.
1244 735 1382 774 Habes
1446 776 1448 780 ,

191 803 363 843 formam
395 806 654 856 reipublicae,
686 809 719 845 si
755 809 798 844 in
834 809 974 845 eastris
1010 812 1148 857 potest
1181 819 1268 845 esse
1300 818 1382 844 res-

190 875 351 925 publica
366 887 375 920 ;
401 878 442 913 in
457 889 538 926 qua
552 881 666 914 tuam
682 878 810 914 vicem
825 889 948 927 saepe
963 875 1094 922 doleo,
1106 876 1216 927 quod
1229 875 1380 914 nullam

191 951 352 995 partem
384 959 458 996 per
497 952 678 984 aetatem
717 959 840 984 sanae
880 952 924 985 et
962 945 1095 985 Salvae
1135 945 1379 996 reipublicae

189 1021 354 1066 gustare
391 1019 573 1066 potuisti.
627 1016 765 1068 Atque
805 1016 978 1055 antehac
1015 1016 1179 1067 quidem
1217 1028 1379 1066 sperare
1444 1007 1448 1009 ⁸

189 1085 335 1124 saltem
359 1086 536 1133 licebat;
576 1099 680 1125 nunc
706 1089 831 1125 etiam
854 1087 897 1125 id
922 1086 1108 1137 ereptum
1133 1091 1210 1125 est,
1262 1085 1378 1133 Quae
1440 1077 1448 1119 s

190 1158 297 1193 enim
334 1162 397 1194 est
432 1170 536 1206 spes,
573 1169 664 1194 cum
700 1158 742 1194 in
777 1159 964 1195 contione
1000 1156 1133 1194 dicere
1171 1168 1289 1193 ausus
1325 1157 1378 1193 sit
1438 1139 1448 1229 Ξ

189 1226 403 1272 Antonius,
427 1227 672 1265 Cannutium
695 1227 803 1277 apud
826 1240 894 1264 eos
917 1227 991 1264 sibi
1012 1225 1145 1264 locum
1167 1237 1376 1277 quaerere,

188 1297 332 1347 quibus
362 1310 406 1335 se
436 1297 544 1335 salvo
573 1297 682 1335 locus
711 1299 754 1334 in
782 1299 947 1335 civitate
979 1309 1066 1335 esse
1096 1309 1177 1334 non
1205 1295 1375 1346 posset?

147 1372 170 1403 4
188 1366 389 1418 Equidem
420 1373 477 1405 et·
494 1367 593 1405 haec
625 1373 668 1405 et
699 1369 845 1412 omnia,
877 1379 982 1418 quae
1013 1366 1164 1404 homini
1195 1364 1376 1403 accidere

187 1443 368 1487 possunt,
397 1439 451 1475 sic
479 1436 578 1482 fero,
608 1443 654 1475 ut
682 1437 956 1488 philosophiae
984 1449 1175 1488 magnam
1202 1435 1376 1474 habeam

187 1509 374 1558 gratiam,
393 1520 498 1557 quae
517 1520 582 1544 me
603 1520 683 1544 non
702 1507 821 1546 modo
841 1507 892 1545 ab
911 1506 1177 1545 sollieitudine
1197 1505 1374 1551 abducit,

187 1577 260 1616 sed
291 1579 416 1615 etiam
447 1582 587 1614 contra
618 1589 756 1614 omnes
788 1576 975 1615 fortunae
1007 1579 1183 1627 impetus
1216 1579 1374 1619 armat3

187 1648 343 1698 tibique
374 1647 484 1685 idem
515 1659 659 1685 censeo
690 1645 936 1692 faciundum,
969 1659 1057 1692 nec,
1090 1659 1115 1683 a
1145 1658 1225 1697 quo
1257 1643 1374 1695 culpa

188 1718 305 1763 absit,
337 1718 557 1768 quidquam
586 1719 630 1754 in
657 1715 771 1754 malis
802 1716 1109 1754 numerandum.
1161 1714 1244 1753 Sed
1273 1714 1374 1752 haec

186 1793 234 1826 tu
269 1788 426 1826 melius.
477 1787 704 1825 Tratorium
741 1791 922 1824 nostrum
959 1799 1051 1823 cum
1088 1797 1248 1836 semper
1283 1797 1372 1835 pro-

283 1962 298 1978 ⁴²
323 1958 355 1990 A
371 1958 476 1991 bitter
491 1967 618 1998 enemy
635 1955 674 1988 of
687 1956 845 1997 Antony.
897 1954 954 1998 Gf.
971 1958 1053 1988 note
1068 1965 1114 1988 on
1128 1955 1187 1987 xii.
1203 1956 1237 1987 3.
1251 1956 1286 1988 2.

193 2008 270 2053 596
