1448 2236
647 72 848 112 CICERO

114 182 135 214 2
153 180 235 215 iam
254 179 501 215 senescentis
520 176 649 214 morbi
668 178 848 214 remissio
866 176 1077 227 profuisse.
1129 177 1341 224 Attamen,

152 244 206 269 ne
243 233 403 276 mirere,
443 229 552 268 unde
589 229 666 268 hoc
703 229 908 276 acciderit,
947 229 1198 281 quomodove
1235 245 1343 270 com-

154 287 343 330 miserim,
384 284 451 321 lex
492 285 755 334 sumptuaria,
797 296 902 334 quae
947 284 1107 324 videtur
1157 285 1342 334 λιτότητα

154 338 353 383 attulisse,
378 351 426 375 ea
448 337 546 376 mihi
568 336 700 375 fraudi
722 336 813 376 fuit.
867 336 972 376 Nam
994 337 1092 376 dum
1114 337 1255 376 volunt
1275 341 1342 377 isti

154 392 254 430 lauti
274 397 384 430 terra
402 396 513 437 nata,
534 403 638 442 quae
658 390 750 441 lege
770 396 942 441 excepta
961 397 1070 437 sunt,
1089 393 1132 429 in
1149 391 1343 430 honorem

156 446 370 491 adducere,
399 444 558 495 fungos,
587 443 794 490 heluellas,
823 444 968 484 herbas
997 458 1136 483 omnes
1164 448 1224 483 ita
1251 459 1344 484 con-

153 500 285 545 diunt,
323 504 371 537 ut
407 498 506 537 nihil
542 501 669 549 possit
707 511 795 536 esse
833 500 1005 536 suavius.
1059 499 1108 536 In
1146 512 1214 537 eas
1250 512 1343 537 cum

155 553 383 591 incidissem
407 555 449 590 in
473 565 600 590 caena
624 551 806 602 augurali
832 552 941 602 apud
967 551 1201 598 Lentulum,
1227 558 1344 591 tanta

156 620 222 645 me
270 607 440 656 διάρροια
487 608 669 656 arripuit,
706 611 752 643 ut
793 605 913 643 hodie
948 608 1123 656 primum
1158 606 1344 645 videatur

155 663 334 711 coepisse
375 662 607 697 consistere.
662 659 726 696 Ita
769 672 858 710 ego,
900 662 969 710 qui
1009 672 1076 698 me
1117 662 1259 698 ostreis
1301 665 1344 699 et

155 716 357 753 muraenis
396 712 514 751 facile
554 713 823 758 abstinebam,
863 726 889 750 a
928 713 1026 751 beta
1066 718 1109 751 et
1148 727 1174 751 a
1213 712 1344 752 malva

155 769 350 819 deceptus
396 780 498 805 sum.
552 766 724 805 Posthac
770 769 893 817 igitur
939 769 1086 804 erimus
1131 769 1342 806 cautiores.

154 823 215 860 Tu
247 828 387 860 tamen
414 834 506 859 cum
534 821 711 858 audisses
739 821 791 858 ab
819 821 960 858 Anicio
993 820 1110 871 (vidit
1139 823 1246 858 enim
1278 834 1344 859 me

155 875 453 925 nauseantem),
491 888 573 911 non
610 874 729 912 modo
767 874 957 912 mittendi
995 887 1158 912 causam
1196 877 1344 912 iustam
1444 901 1448 913 .

155 930 345 974 habuisti,
378 928 450 966 sed
481 930 606 965 etiam
638 928 804 966 visendi.
858 927 946 978 Ego
977 927 1042 965 hic
1073 930 1207 978 cogito
1239 941 1345 966 com·
1437 921 1448 1001 i

155 985 315 1028 morari,
337 981 470 1032 quoad
491 994 557 1019 me
578 980 767 1019 reficiam.
822 980 927 1018 Nam
949 986 993 1019 et
1012 983 1116 1019 vires
1138 986 1182 1019 et
1202 994 1344 1032 corpus

156 1038 283 1074 amisi.
336 1035 430 1081 Sed,
460 1037 494 1073 si
523 1035 709 1073 morbum
738 1034 945 1085 depulero,
974 1033 1106 1080 facile,
1137 1040 1184 1073 ut
1213 1047 1344 1086 spero,

155 1090 224 1128 illa
239 1090 448 1128 revocabo.

674 1142 831 1180 XXVII

441 1233 579 1258 CICERO
606 1233 637 1259 s.
665 1233 705 1259 D.
731 1232 770 1258 Τ.
798 1232 916 1258 ramo
943 1232 1063 1259 GALLO

572 1290 720 1329 Romae,
735 1301 842 1323 A.u.c.
860 1292 937 1323 708.

122 1358 138 1391 1
211 1352 351 1397 Miror,
382 1364 454 1389 cur
486 1364 552 1388 me
585 1363 761 1394 accuses,
794 1363 886 1387 cum
918 1350 993 1387 tibi
1025 1350 1067 1388 id
1099 1349 1233 1388 facere
1264 1363 1343 1389 non

158 1406 291 1444 liceat.
345 1405 465 1452 Quod
495 1407 526 1441 si
557 1404 710 1450 liceret,
739 1409 879 1441 tamen
909 1417 990 1440 non
1018 1403 1211 1442 debebas.
1265 1403 1346 1456 Ego

208 1491 223 1506 ‘¹
247 1486 284 1518 If
296 1486 356 1518 the
372 1485 454 1518 date
470 1486 511 1517 of
525 1485 595 1517 this
613 1485 732 1517 Letter
753 1485 781 1516 is
802 1487 948 1521 correct,
965 1483 1036 1516 this
1051 1487 1263 1526 sumptuary
1281 1484 1345 1517 law

164 1539 231 1562 can
247 1528 291 1561 be
308 1539 355 1560 no
371 1528 472 1560 other
488 1527 574 1560 than
591 1527 651 1559 the
669 1527 741 1559 Lex
757 1527 911 1559 Aemilia
928 1526 968 1559 of
983 1529 1046 1559 115
1063 1537 1127 1559 13.c.

208 1573 222 1592 δ
246 1571 319 1604 Son
340 1570 412 1603 and
435 1569 628 1603 namesake
649 1570 689 1602 of
708 1569 736 1602 P
770 1569 952 1602 Cornelius
974 1568 1146 1602 Lentulus
1167 1568 1346 1610 Spinther,

163 1615 242 1647 who
258 1624 329 1647 was
343 1613 465 1646 consul
488 1614 523 1646 in
546 1615 586 1645 57
610 1624 687 1651 13.c.,
706 1612 778 1645 and
800 1612 983 1654 promoted
1002 1612 1062 1645 the
1082 1613 1288 1645 restoration
1309 1612 1348 1645 of

164 1658 296 1691 Cicero.
343 1656 429 1689 This
445 1667 605 1699 younger
619 1656 792 1689 Lentulus
808 1666 880 1688 was
891 1666 1007 1697 augur
1023 1657 1059 1688 in
1074 1656 1134 1688 the
1150 1665 1247 1688 same
1263 1666 1348 1697 year

164 1702 249 1744 (57),
266 1699 338 1733 and
353 1700 432 1733 that
455 1700 484 1732 is
507 1699 566 1732 the
589 1699 675 1741 only
690 1699 769 1732 clue
784 1709 835 1731 we
858 1699 948 1733 have
970 1702 1008 1732 to
1030 1698 1091 1731 the
1113 1698 1195 1731 date
1218 1699 1260 1731 of
1277 1699 1348 1731 this

166 1745 279 1777 letter.

211 1788 224 1805 ⁶
247 1784 322 1817 The
354 1784 580 1825 prepositiom
613 1793 652 1815 as
686 1781 775 1815 Reid
809 1782 983 1820 observes,
1017 1781 1187 1814 indicates
1218 1791 1242 1814 a
1273 1791 1348 1823 per-

163 1828 383 1861 sonification
399 1828 440 1860 of
452 1827 512 1860 the
527 1825 740 1868 vegetables.

210 1873 226 1893 ‘¹
249 1872 349 1904 Titus
362 1872 439 1913 (not
452 1874 488 1903 to
501 1871 545 1903 be
557 1869 782 1903 confounded
798 1869 882 1902 with
901 1868 1060 1908 Marcus)
1077 1868 1208 1902 Fadius
1224 1869 1348 1903 Gallus

166 1915 238 1948 had
254 1915 343 1947 been
362 1913 581 1947 condemned
602 1924 647 1946 on
671 1923 768 1946 some
788 1912 971 1945 unknown
991 1912 1122 1955 charge
1142 1914 1179 1946 in
1199 1915 1255 1952 52,
1276 1913 1347 1948 and

168 1969 238 1991 was
254 1958 365 1999 living
381 1959 418 1990 in
435 1957 533 1990 exile.
582 1955 648 1990 See
663 1967 698 1990 v.
717 1958 769 1990 18.

171 2013 221 2052 78
