1448 2236
688 53 889 92 CICERO

190 172 273 197 non
282 159 334 197 ab
345 158 606 197 adulescente
616 158 832 209 prolatum.
864 157 1088 196 Veteranos
1098 170 1193 195 vero
1202 158 1375 207 pessime

191 229 313 280 loqui,
331 229 495 267 volebat
510 229 649 266 Labeo
665 241 732 266 me
747 228 927 274 credere,
945 233 988 266 et
1003 228 1079 266 tibi
1095 227 1147 265 ab
1162 229 1210 264 iis
1226 229 1376 264 instare

190 300 413 350 periculum
430 312 440 345 ;
468 302 726 351 maximeque
739 299 952 351 indignari,
967 298 1076 350 quod
1088 300 1132 335 in
1143 297 1376 336 decemviris

191 383 324 422 neque
341 370 489 408 Caesar
505 383 638 421 neque
657 383 733 422 ego
749 369 878 408 habiti
895 382 1086 414 essemus,
1102 374 1228 420 atque
1244 369 1378 405 omnia

151 446 172 477 2
190 441 244 480 ad
279 447 459 479 vestrum
495 442 706 479 arbitrium
743 446 879 478 essent
915 439 1074 478 collata.
1137 439 1251 476 Haec
1286 450 1378 475 cum

191 512 393 550 audissem
410 517 453 550 et
469 515 549 549 iam
566 514 608 549 in
623 514 768 549 itinere
787 524 930 556 essem,
946 509 1283 548 committendum
1298 520 1379 546 non

190 586 344 633 putavi,
360 585 470 634 prius
486 588 534 620 ut
550 582 675 633 Alpes
692 580 1010 633 transgrederer,
1026 593 1162 632 quam,
1178 579 1276 631 quid
1290 581 1379 616 istic

191 659 396 705 ageretur,
418 656 573 692 scirem.
622 653 728 690 Nam
749 652 801 691 de
822 657 895 690 tuo
915 651 1106 702 periculo,
1127 650 1247 688 crede
1268 649 1380 694 mihi,

192 727 410 762 iactatione
423 725 637 762 verborum
653 729 695 761 et
715 723 1023 761 denuntiatione
1036 721 1204 772 periculi
1218 732 1380 771 sperare

194 808 262 833 eos
307 800 351 833 te
396 793 695 845 pertimefacto‚
737 793 997 832 adulescente
1039 791 1223 842 impulso,
1263 803 1380 841 posse

193 878 342 916 magna
361 867 551 916 consequi
570 867 764 915 praemia,
786 869 829 901 et
848 869 979 901 totam
998 865 1119 900 istam
1139 860 1381 899 cantilenam

195 949 246 973 ex
278 935 352 974 hoc
383 935 577 986 pendere,
608 940 656 973 ut
687 947 810 986 quam
841 933 1058 984 plurimum
1088 932 1187 970 lucri
1217 930 1381 968 faciant.

196 1005 340 1057 Neque
369 1012 510 1043 tamen
537 1019 619 1043 non
646 1010 691 1043 te
719 1010 885 1042 cautum
915 1016 1002 1041 esse
1030 1002 1120 1040 volo
1150 1007 1194 1040 et
1220 1001 1382 1039 insidias

195 1079 407 1114 vitantem.
470 1075 578 1113 Nihil
616 1078 724 1113 enim
760 1081 833 1112 tua
868 1073 966 1111 mihi
1002 1076 1087 1111 vita
1121 1077 1259 1123 potest
1296 1084 1383 1108 esse

156 1153 176 1184 3
195 1147 404 1185 iucundius
420 1159 554 1198 neque
567 1149 711 1184 carius.
753 1145 859 1183 Illud
872 1145 978 1189 vide,
993 1157 1045 1181 ne
1060 1142 1242 1181 timendo
1255 1144 1384 1193 magis

196 1220 342 1255 timere
387 1230 547 1268 cogare,
594 1222 650 1262 et,
697 1216 841 1267 quibus
886 1215 1006 1253 rebus
1051 1218 1190 1264 potest
1234 1213 1384 1250 occurri

197 1290 412 1333 veteranis,
446 1300 641 1325 occurras.
702 1285 894 1330 Primum,
928 1284 1037 1336 quod
1069 1283 1301 1322 desiderant
1332 1282 1384 1320 de

197 1358 446 1403 decemviris,
463 1357 614 1402 facias;
647 1356 795 1394 deinde
823 1356 875 1394 de
902 1357 1104 1406 praemiis,
1124 1356 1156 1391 si
1181 1353 1256 1391 tibi
1277 1351 1385 1390 vide-

198 1434 278 1474 tur,
299 1442 416 1480 agros
438 1441 577 1466 eorum
596 1427 784 1472 militum,
805 1428 874 1477 qui
893 1439 986 1463 cum
1006 1425 1185 1462 Antonio
1204 1424 1386 1461 veterani

198 1498 377 1544 fuerunt,
404 1498 465 1536 his
492 1498 645 1536 dandos
673 1509 837 1535 censeas
864 1496 917 1533 ab
944 1497 1126 1546 utrisque
1152 1494 1294 1539 nobis;
1333 1492 1386 1530 de

200 1571 387 1614 nummis,
401 1569 513 1606 lente
526 1581 574 1606 ac
586 1570 744 1605 ratione
758 1567 899 1604 habita
910 1567 1121 1616 pecuniae,
1135 1568 1322 1602 senatum
1334 1562 1386 1600 de

202 1653 251 1678 ea
268 1653 313 1678 re
333 1642 647 1677 constituturum
664 1650 675 1684 ;
709 1643 902 1689 quattuor
919 1635 1144 1688 legionibus
1162 1637 1224 1680 iis,
1243 1633 1386 1685 quibus

252 1823 269 1839 ⁶
292 1819 359 1853 See
374 1823 390 1858 §
408 1822 423 1852 l
441 1819 488 1851 ad
496 1820 564 1861 fi‘n.

253 1863 266 1882 ⁶
291 1862 512 1904 Apparently
530 1861 590 1894 the
612 1860 769 1893 Martian
787 1858 859 1892 and
879 1859 907 1891 F
909 1858 1013 1891 ourth
1032 1858 1166 1900 legions
1184 1856 1299 1890 which
1315 1853 1388 1888 had

206 1905 366 1939 deserted
386 1907 480 1938 from
503 1905 662 1946 Antony,
685 1903 757 1936 and
779 1902 839 1935 the
861 1906 931 1935 two
953 1905 1096 1935 veteran
1118 1900 1252 1943 legions
1274 1898 1389 1932 which

205 1949 373 1982 Octavius
390 1948 534 1981 himself
545 1947 616 1980 had
632 1946 758 1980 raised.

207 2005 285 2040 480
