1448 2236
896 0 908 27 ο

704 68 906 109 CICERO

210 176 254 210 et
273 185 368 211 usus
389 178 432 211 et
452 173 671 212 delectatio
693 179 756 213 est
775 175 960 214 omnibus
979 178 1149 215 istorum
1170 182 1214 215 et
1233 178 1333 215 actis
1355 182 1399 215 et

209 225 484 277 voluptatibus
518 228 818 278 anteponenda,
851 229 1041 280 equidem
1072 229 1150 269 hos*
1177 236 1270 269 tuos
1300 230 1399 268 Tus-

209 280 446 319 culanenses
474 281 561 319 dies
589 284 717 320 instar
745 295 834 321 esse
861 285 971 322 vitae
997 289 1113 334 puto,
1140 283 1398 336 libenterque

209 335 395 372 omnibus
420 348 560 373 omnes
584 349 682 386 opes
705 339 985 383 concesserim,
1009 343 1057 376 ut
1079 337 1178 375 mihi
1200 338 1335 384 liceat,
1358 339 1399 376 vi

169 393 190 424 5
209 387 318 425 nulla
354 389 656 439 interpellante,
693 392 772 429 isto
809 391 929 429 modo
965 393 1115 430 vivere.
1167 391 1290 439 Quod
1323 405 1395 430 nos
1425 392 1430 394 ‘

209 455 371 493 quoque
393 445 612 489 imitamur,
636 449 683 482 ut
704 457 930 495 possumus,
954 451 998 484 et
1019 447 1062 483 in
1085 448 1231 484 nostris
1253 445 1396 485 studiis

208 495 473 535 libentissime
494 500 825 548 conquiescimus.
878 498 978 547 Quis
1001 501 1109 537 enim
1128 499 1205 538 hoc
1225 513 1307 538 non
1327 499 1396 538 de-

208 549 316 587 derit
333 551 461 596 nobis,
479 556 539 596 ut,
557 565 649 589 cum
666 565 790 602 opera
807 558 945 590 nostra
959 555 1093 604 patria
1110 555 1193 592 sive
1209 567 1291 592 non
1305 566 1396 604 pos-

208 605 261 641 sit
287 606 361 649 uti,
388 607 471 643 sive
497 605 611 651 nolit,
639 606 691 644 ad
718 619 808 644 eam
834 609 960 645 vitam
985 613 1248 653 revertamur,
1275 620 1397 658 quam

208 658 326 696 multi
351 658 461 697 docti
485 659 682 706 homines,
707 659 878 699 fortasse
903 674 984 699 non
1008 667 1135 707 recte,
1159 661 1234 699 sed
1257 666 1397 699 tamen

207 711 325 749 multi
350 715 474 750 etiam
495 714 741 764 reipublicae
763 714 1094 765 praeponendam
1115 715 1395 766 putaverunt?
1422 711 1424 714 ’

209 764 326 812 Quae
352 768 477 817 igitur
502 767 650 813 studia,
677 781 916 819 magnorum
942 768 1150 807 hominum
1175 770 1396 814 sententia,

207 822 461 858 vacationem
475 820 630 859 habent
642 822 861 872 quamdam
874 822 1024 873 publici
1037 825 1229 868 muneris,
1243 825 1291 861 iis
1305 835 1395 861 con·
1420 870 1422 873 Ι

169 877 190 909 6
208 873 382 912 cedente
393 874 600 925 republica
611 889 681 913 cur
693 889 774 914 non
786 876 1002 914 abutamur
1018 877 1034 914 ?
1086 876 1169 915 Sed
1178 876 1268 927 plus
1279 875 1394 921 facio,

210 940 332 978 quam
371 927 561 966 Caninius
598 929 820 968 mandavit.
874 930 914 968 Is
954 932 1076 975 enim,
1114 932 1147 968 si
1185 930 1283 981 quid
1321 942 1397 981 ego

209 983 366 1027 scirem,
383 988 561 1033 rogarat,
580 983 690 1034 quod
707 988 754 1022 tu
773 986 947 1022 nescires
965 996 975 1030 ;
1010 997 1086 1035 ego
1105 985 1180 1022 tibi
1199 997 1249 1022 ea
1266 997 1398 1029 narro,

209 1047 315 1086 quae
337 1040 386 1073 tu
408 1036 552 1074 melius
576 1039 665 1082 scis,
690 1050 813 1088 quam
835 1040 936 1088 ipse,
960 1040 1031 1089 qui
1053 1051 1183 1076 narro.
1237 1037 1398 1075 Faciam

209 1101 306 1140 ergo
323 1089 435 1135 illud,
453 1091 563 1140 quod
578 1097 744 1142 rogatus
762 1105 865 1137 sum,
883 1096 930 1130 ut
948 1105 1101 1137 eorum,
1118 1105 1224 1143 quae
1241 1097 1399 1142 tempo-

207 1145 261 1180 ris
288 1142 405 1181 huius
433 1146 527 1189 sint,
555 1157 661 1195 quae
689 1151 761 1183 tua
788 1148 986 1184 interesse
1014 1145 1193 1191 audiero,
1221 1158 1273 1184 ne
1300 1144 1399 1196 quid

208 1209 384 1247 ignores.

759 1285 838 1323 VII

631 1384 771 1410 CICERO
797 1385 974 1411 VARRONI

620 1458 767 1498 Romae,
784 1469 890 1492 A.U.c.
909 1461 987 1492 708.

169 1539 186 1573 1
258 1534 465 1573 Cenabam
491 1535 600 1586 apud
624 1535 774 1582 Seium,
799 1549 891 1574 cum
916 1538 1078 1587 utrique
1101 1541 1284 1574 nostrum
1307 1534 1398 1574 red-

207 1589 318 1627 ditae
347 1595 443 1627 sunt
472 1603 496 1626 a
524 1595 568 1628 te
596 1589 774 1628 litterae.
829 1589 934 1627 Mihi
961 1603 1057 1628 vero
1083 1591 1165 1628 iam
1191 1594 1397 1627 maturum

206 1643 379 1681 videtur.
433 1643 552 1688 Nam,
582 1643 692 1694 quod
720 1648 844 1681 antea
870 1643 1138 1683 calumniatus
1166 1656 1269 1689 sum,
1295 1643 1396 1681 indi-

255 1743 270 1758 ⁰
294 1737 431 1779 Tyrrell
447 1737 520 1770 and
538 1738 656 1770 others
673 1737 760 1770 take
770 1739 858 1770 actis
873 1741 910 1770 to
929 1738 974 1771 be
991 1738 1052 1771 the
1063 1738 1136 1771 dat.
1149 1737 1240 1780 plur.
1253 1737 1294 1770 of
1304 1741 1394 1776 acta,

209 1780 230 1794 “
245 1780 398 1814 sea-side
425 1780 629 1823 lodgings,”
659 1781 814 1823 arguing
845 1781 923 1814 that
951 1784 1030 1814 acta
1054 1780 1161 1823 (plur.
1191 1780 1232 1814 of
1264 1780 1393 1820 actum)

207 1827 340 1857 cannot
354 1834 459 1857 mean
475 1824 496 1837 “
512 1835 554 1856 en
582 1823 803 1866 agements.'’

255 1866 268 1886 ⁶
291 1867 362 1906 i.e.,
377 1867 399 1881 “
413 1870 452 1900 to
462 1867 539 1910 join
584 1866 722 1900 aesar.’'
768 1866 836 1900 See
851 1867 896 1899 ix.
914 1868 946 1899 5.
966 1870 998 1900 1.

254 1915 267 1931 ⁶
290 1911 359 1950 i.e.,
374 1910 411 1942 in
424 1911 635 1952 suggesting
646 1910 725 1943 that
736 1909 851 1942 Varro
865 1909 938 1942 and
952 1909 998 1943 he
1010 1909 1138 1943 should
1152 1909 1220 1943 live
1231 1908 1393 1951 together
1415 1930 1420 1932 -

205 1955 245 1986 at
258 1952 452 1986 Tusculum
468 1964 507 1986 or
523 1953 669 1986 Cumae.
715 1952 799 1996 (See
815 1954 859 1985 ix.
881 1956 910 1985 1.
925 1955 960 1992 2,
979 1956 1010 1986 5.
1027 1953 1076 1995 3.)

208 2009 286 2043 202
