1448 2236
671 65 874 105 CICERO

179 190 276 223 tuae
290 191 451 237 partem
471 187 523 224 ab
543 200 591 225 eo
609 187 710 233 loco,
733 192 852 225 cetera
874 186 1058 226 labuntur.
1111 185 1275 225 Secreto
1289 184 1365 224 hoc
1402 204 1405 207 ·

179 247 301 293 audi3
344 254 481 287 tecum
510 248 689 294 habet03
732 262 786 287 ne
814 248 985 300 Apellae
1014 248 1192 300 quidem,
1220 247 1365 286 liberto

179 314 264 356 tuo,
297 310 458 349 dixeris.
512 311 680 349 Praeter
711 311 792 350 duo
824 325 896 350 nos
928 310 1106 362 loquitur
1136 313 1216 348 isto
1246 309 1366 348 modo
1430 302 1431 306 ¹

179 385 326 417 nemo;
378 373 484 411 bene
521 373 694 419 malene,
731 374 896 420 vider03
948 373 1021 412 sed
1057 372 1254 424 quidquid
1290 376 1366 416 est,

179 439 361 472 nostrum
382 441 458 474 est.
513 435 626 487 Urge
645 438 782 487 igitur,
802 448 877 474 nec
897 440 1170 474 transversum
1188 445 1367 484 unguem

180 496 306 547 (quod
340 497 470 549 aiunt)
503 511 529 535 a
563 498 667 536 stilo.
722 498 761 536 Is
798 500 906 536 enim
939 503 1002 536 est
1029 496 1190 536 dicendi
1217 494 1366 546 opifex.

180 559 319 610 Atque
337 559 527 611 equidem
542 559 795 612 aliquantum
811 562 892 598 iam
909 562 1033 598 etiam
1049 561 1177 597 noctis
1193 569 1365 596 assumo.

707 700 842 739 XXVI

569 808 707 834 CICERO
734 808 766 834 S.
794 808 833 834 D.
861 807 981 834 GALLO

531 890 573 924 In
589 890 803 930 Tusculano,
819 901 926 923 A.u.c.
943 892 1022 923 697.
1435 883 1448 943 j

143 973 159 1006 1
231 966 333 1005 Cum
368 967 571 1006 decimum
606 970 687 1004 iam
722 966 831 1005 diem
867 968 1044 1017 graviter
1080 978 1131 1003 ex
1167 964 1368 1002 intestinis

181 1029 418 1075 laborarem,
448 1042 582 1080 neque
612 1032 672 1074 iis,
702 1031 771 1080 qui
801 1041 894 1066 mea
923 1035 1046 1078 opera
1076 1030 1135 1065 uti
1165 1026 1368 1071 volebant,
1440 1044 1448 1065 :

181 1104 247 1129 me
268 1092 483 1142 probarem
504 1104 586 1129 non
607 1090 755 1136 valere,
778 1093 872 1141 quia
893 1089 1039 1128 febrim
1060 1102 1141 1127 non
1162 1088 1369 1132 haberem,

180 1153 267 1204 fugi
287 1156 329 1191 in
347 1153 630 1198 Tusculanum,
651 1166 743 1190 cum
763 1153 928 1203 quidem
948 1152 1115 1190 biduum
1135 1153 1194 1189 ita
1212 1152 1369 1188 ieiunus

181 1215 360 1261 fuissem,
397 1221 443 1253 ut
478 1229 530 1253 ne
565 1228 713 1266 aquam
749 1214 913 1265 quidem
948 1219 1169 1264 gustarem.
1223 1212 1369 1262 Itaque

182 1277 389 1316 confectus
423 1278 616 1329 languore
653 1282 696 1315 et
730 1277 851 1322 fame,
886 1279 1014 1327 magis
1049 1281 1166 1314 tuum
1199 1273 1369 1312 officium

183 1340 406 1379 desideravi
432 1353 555 1391 quam
578 1341 650 1378 abs
675 1345 719 1378 te
743 1341 891 1390 requiri
915 1340 1056 1389 putavi
1079 1350 1229 1375 meum.
1281 1335 1370 1386 Ego

183 1408 323 1440 autem
352 1416 443 1440 cum
473 1415 612 1454 omnes
642 1402 800 1439 morbos
830 1400 1059 1445 reformido,
1088 1404 1191 1445 tum,
1219 1400 1261 1436 in
1291 1410 1370 1449 quo

183 1466 402 1516 Epicurum
433 1470 551 1503 tuum
583 1464 706 1502 Stoici
737 1463 843 1501 male
874 1465 1090 1513 accipiunt,
1122 1463 1217 1512 quia
1248 1460 1370 1505 dicat,

185 1526 390 1576 δυσουρικὰ
433 1526 495 1563 καὶ
543 1526 785 1575 δυσεντερικὰ
826 1523 930 1574 πάθη
962 1525 1036 1562 Sibi
1068 1522 1239 1561 molesta
1270 1534 1372 1567 esse,

184 1603 355 1640 quorum
394 1588 568 1626 alterum
607 1588 791 1626 morbum
833 1587 1043 1626 edacitatis
1084 1598 1171 1624 esse
1209 1589 1371 1635 putant,

185 1651 359 1690 alterum
378 1653 502 1688 etiam
527 1652 715 1700 turpioris
738 1650 1090 1700 intemperantiae.
1154 1646 1259 1685 Sane
1284 1646 1371 1682 δυσ·-

187 1713 352 1763 εντερίαν
383 1715 686 1763 pertimueram.
740 1710 821 1749 Sed
848 1713 932 1749 visa
969 1715 1033 1748 est
1068 1709 1166 1748 mihi
1196 1707 1262 1746 vel
1297 1702 1371 1745 Ioci

185 1778 372 1821 mutatio,
395 1774 460 1812 vel
481 1776 603 1812 animi
628 1775 752 1811 etiam
774 1772 985 1818 relaxatio,
1007 1771 1072 1809 vel
1093 1773 1181 1822 ipsa
1201 1769 1371 1808 fortasse

239 1915 254 1931 ‘⁸
277 1911 345 1948 i.e.‚
375 1914 397 1928 “
411 1912 535 1951 except
565 1909 755 1945 literature,
785 1910 822 1940 to
852 1906 966 1940 which
996 1905 1014 1940 I
1045 1915 1151 1939 mean
1179 1908 1218 1938 ’ω
1247 1904 1372 1938 devote

193 1953 359 1996 myself.”
404 1953 489 1986 This
505 1954 533 1985 is
550 1962 644 1984 mere
658 1950 871 1993 conjecture,
889 1949 954 1983 but
968 1948 1026 1983 fits
1038 1948 1099 1982 the
1112 1951 1266 1982 context.

193 2005 244 2046 76
