1448 2236
672 87 873 128 CICERO

177 193 354 237 comitia,
375 194 456 230 cito
477 197 521 231 te
539 205 549 238 ;
585 195 647 231 sin
667 196 748 231 iam
769 192 970 240 confecta,
989 196 1122 240 citius,
1142 207 1196 233 ne
1215 193 1366 232 diutius

139 271 159 303 2
177 280 269 304 cum
306 267 485 318 periculo
523 267 660 307 fatuus
698 271 764 308 sis.
818 269 856 308 Ο
892 272 949 308 mi
987 269 1123 315 Furni,
1161 282 1284 322 quam
1319 274 1367 308 tu

177 356 340 381 causam
357 349 471 382 tuam
487 358 569 383 non
584 348 704 391 nosti,
722 347 791 397 qui
809 345 958 384 alienas
975 351 1062 384 tam
1077 344 1195 384 facile
1210 345 1339 384 discas
1356 344 1365 383 Ξ

176 418 239 456 Tu
254 433 361 457 nunc
375 420 640 459 candidatum
655 426 700 460 te
714 427 849 472 putas,
867 427 910 460 et
925 421 967 460 id
981 424 1150 473 cogitas,
1165 426 1212 460 ut
1229 426 1300 459 aut
1315 420 1367 459 ad

178 497 343 533 comitia
370 509 505 534 curras
533 502 618 542 aut,
644 500 676 535 si
701 500 783 535 iam
811 496 1011 543 confecta,
1038 497 1148 536 domi
1175 502 1273 536 tuae
1301 499 1367 542 siS,

179 584 232 609 ne
250 585 343 609 cum
361 575 539 611 maximo
557 573 750 624 periculo,
768 579 816 612 ut
835 574 986 619 scribis,
1005 573 1263 612 stultissimus
1281 574 1333 611 sis
1350 572 1366 610 ?

179 646 271 686 Non
289 648 461 686 arbitror
477 654 521 687 te
538 651 597 687 ita
613 652 765 688 sentire
783 662 793 695 ;
825 663 964 688 omnes
983 651 1091 689 enim
1106 655 1199 688 tuos
1216 648 1269 687 ad
1282 647 1367 686 lau-

179 723 274 762 dem
289 726 467 776 impetus
483 727 588 763 novi.
632 725 753 773 Quod
766 728 814 771 si,
828 731 876 765 ut
890 726 1041 772 scribis,
1060 727 1120 764 ita
1133 727 1273 771 sentis,
1286 738 1367 763 non

178 802 309 851 magis
335 806 394 847 te,
421 814 544 852 quam
571 801 623 840 de
650 807 695 840 te
720 802 911 840 iudicium
937 801 1191 853 reprehendo
1215 813 1366 839 meum.

178 875 237 914 Te
280 876 528 927 adipiscendi
570 880 831 928 magistratus
873 878 1062 916 levissimi
1104 883 1148 916 et
1189 876 1368 928 divulga-

179 954 337 998 tissimi,
368 955 401 990 si
432 955 492 991 ita
525 953 760 1004 adipiscare,
791 959 839 992 ut
869 953 1067 1005 plerique,
1097 965 1368 1004 praepropera

180 1027 388 1067 festinatio
407 1029 584 1067 abducet
602 1042 626 1067 a
643 1031 769 1068 tantis
787 1029 987 1076 laudibus,
1004 1029 1149 1081 quibus
1166 1034 1211 1067 te
1228 1041 1367 1067 omnes
1440 1044 1448 1080 ;

180 1106 222 1141 in
246 1104 406 1142 caelum
434 1106 520 1142 iure
550 1110 593 1143 et
619 1118 715 1143 vere
741 1104 912 1144 ferunt?
965 1104 1126 1144 Scilicet
1151 1105 1195 1144 id
1221 1106 1367 1156 agitur,
1440 1103 1448 1115 ⁸

181 1185 318 1218 utrum
347 1179 422 1218 hac
449 1183 664 1231 petitione,
693 1194 746 1219 an
772 1183 956 1232 proxima
982 1186 1147 1233 praetor
1173 1179 1260 1226 fias,
1286 1193 1367 1218 non

181 1261 230 1295 ut
250 1258 310 1294 ita
330 1256 383 1295 de
404 1257 611 1308 republica
630 1270 828 1303 mereare,
850 1259 959 1296 omni
979 1256 1131 1296 honore
1152 1262 1199 1295 ut
1220 1256 1368 1307 dignis-

115 1368 118 1371 .
141 1338 162 1370 3
181 1335 304 1370 simus
318 1332 508 1371 indicere.
563 1332 713 1371 Utrum
728 1335 870 1379 nescis,
884 1346 1007 1384 quam
1025 1332 1109 1371 alte
1128 1331 1368 1377 ascenderis,

181 1421 232 1446 an
253 1421 326 1459 pro
348 1407 472 1447 nihilo
494 1408 536 1446 id
556 1414 677 1459 putas
695 1409 710 1447 ?
747 1408 788 1447 Si
810 1410 953 1454 nescis,
973 1409 1049 1447 tibi
1070 1410 1232 1460 ignosco
1249 1419 1260 1453 3
1295 1420 1368 1445 nos

180 1486 222 1522 in
242 1483 361 1534 culpa
380 1497 517 1522 sumus
536 1497 545 1522 t
580 1487 642 1522 sin
661 1484 878 1536 intellegis,
898 1484 980 1522 ulla
998 1484 1073 1522 tibi
1095 1489 1158 1522 est
1176 1488 1368 1534 praetura

179 1559 246 1598 vel
283 1559 425 1605 officio,
465 1559 575 1611 quod
613 1563 745 1611 pauci,
784 1560 850 1598 vel
887 1560 1027 1612 gloria,
1067 1572 1190 1611 quam
1228 1571 1368 1597 omnes
1424 1595 1428 1598 .

182 1641 421 1686 sequuntur,
443 1635 627 1673 dulcior?
682 1635 770 1673 Hac
792 1636 844 1674 de
865 1649 910 1674 re
932 1641 976 1674 et
998 1648 1074 1686 ego
1097 1640 1140 1673 et
1161 1634 1368 1679 Calvisius,

181 1711 301 1750 homo
314 1713 452 1763 magni
464 1711 586 1749 iudici
598 1713 741 1762 tuique
755 1713 1065 1756 amantissimus,
1077 1715 1123 1749 te
1136 1722 1368 1749 accusamus

249 1887 265 1903 ⁶
288 1883 442 1916 Furnius
457 1882 527 1916 had
545 1882 759 1925 apparently
774 1881 951 1924 practised
969 1883 1004 1915 in
1020 1881 1081 1915 the
1095 1881 1310 1914 law-murts.

590 1926 603 1946 ⁶
627 1925 694 1960 See
711 1928 794 1959 note
808 1926 827 1958 b
842 1936 890 1959 on
906 1926 923 1967 ξ
942 1927 973 1959 1.

186 2016 264 2052 384
