1448 2236
689 48 890 88 CICERO

192 154 416 203 negotium,
453 152 599 190 effecit.
654 153 801 203 Itaque
835 155 930 199 iam,
965 157 1014 191 ut
1045 153 1178 199 video,
1212 153 1383 192 alteram

192 215 327 247 utram
343 209 396 247 ad
412 209 685 247 conditionem
702 209 949 248 descendere
965 209 1054 248 vult
1069 209 1231 256 Caesar,
1248 216 1300 249 ut
1311 217 1384 249 aut
1415 241 1419 243 .

192 272 371 312 maneat,
394 279 529 317 neque
554 266 628 304 hoc
652 279 758 304 anno
782 279 855 304 sua
877 269 981 304 ratio
1004 266 1218 313 habeatur,
1241 273 1328 314 aut,
1350 271 1383 306 si

130 331 170 362 10
189 323 391 374 designari
431 326 598 373 poterit,
631 323 819 361 decedat.
873 322 992 362 Curio
1029 336 1073 362 se
1110 330 1252 363 contra
1289 338 1383 362 eum

186 386 321 418 totum
362 386 493 430 parat.
548 379 656 427 Quid
698 382 859 431 assequi
901 383 1041 430 possit,
1084 383 1232 419 nescio.
1280 381 1385 420 Illud

192 437 323 483 video,
352 438 458 475 bene
489 439 751 483 sentientem,
782 439 858 475 etsi
888 437 988 476 nihil
1017 437 1210 485 effecerit,
1239 438 1385 478 cadere

193 508 274 532 non
291 507 423 545 posse.
478 493 551 531 Me
570 498 722 531 tractat
740 492 961 531 liberaliter
980 493 1114 541 Curio,
1134 500 1178 533 et
1195 495 1293 533 mihi
1313 510 1384 535 suo

194 564 362 589 munere
376 552 587 601 negotium
600 552 804 603 imposuit.
834 549 939 588 Nam
952 552 985 588 si
998 550 1096 588 mihi
1110 564 1192 589 non
1204 551 1385 591 dedisset

195 621 277 653 eas,
293 621 398 659 quae
413 607 466 645 ad
479 606 594 645 ludos
611 609 647 644 ei
664 607 859 645 advectae
875 612 991 644 erant
1006 606 1235 654 Africanae,
1249 612 1385 660 potuit
1428 657 1431 659 Α

194 665 461 715 supersederi.
515 663 646 709 Nunc,
661 666 852 715 quoniam
871 663 968 702 dare
987 677 1153 703 necesse
1173 670 1250 711 est,
1264 665 1386 704 velim

194 723 266 760 tibi
300 735 420 760 curae
452 723 518 767 sit,
550 721 659 772 quod
689 734 715 759 a
745 727 789 759 te
820 734 980 772 semper
1010 724 1125 772 petii,
1156 727 1204 760 ut
1234 722 1386 774 aliquid

194 783 312 818 istinc
361 780 584 816 bestiarum
633 777 883 824 habeamus3
947 777 1245 830 Sittianamque
1294 792 1386 831 syn-

194 837 391 888 grapham
413 836 488 873 tibi
510 835 762 874 commendo.
816 835 1029 873 Libertum
1051 834 1261 874 Philonem
1281 839 1386 876 istuc

195 897 298 939 misi,
336 898 379 931 et
415 893 645 943 Diogenem
681 891 896 937 Graecum,
932 892 1078 942 quibus
1113 893 1307 932 mandata
1343 899 1387 933 et

194 951 352 989 litteras
379 949 433 988 ad
458 955 502 987 te
529 948 637 986 dedi.
690 948 770 986 Eos
797 948 870 985 tibi
901 953 944 985 et
969 960 1071 994 rem,
1097 947 1150 986 de
1177 961 1257 999 qua
1283 952 1386 996 misi,

195 1007 317 1046 velim
354 1019 475 1045 curae
512 1006 677 1044 habeas.
732 1005 837 1042 Nam
875 1018 998 1056 quam
1030 1005 1296 1044 vehementer
1334 1007 1386 1045 ad

195 1077 262 1102 me
292 1066 512 1114 pertineat,
543 1064 585 1100 in
613 1064 676 1108 iis,
706 1074 806 1112 quas
836 1062 911 1099 tibi
940 1061 998 1099 illi
1026 1061 1215 1108 reddent,
1240 1062 1387 1102 litteris

196 1127 402 1176 descripsi.

764 1261 823 1299 IX

579 1382 736 1407 CAELIUS
764 1381 948 1407 CICERONI
973 1380 1005 1408 8.

612 1464 759 1502 Romae,
777 1474 883 1497 A.u.c.
900 1466 978 1497 703.

171 1560 187 1591 1
261 1552 324 1591 Sic
352 1558 412 1597 tu,
441 1552 586 1601 inquis,
610 1549 774 1586 Hirrum
802 1548 1020 1586 tractasti?
1073 1548 1217 1594 Immo,
1235 1551 1269 1587 si
1287 1551 1387 1587 scias

200 1629 322 1668 quam
364 1613 494 1658 facile,
538 1625 661 1663 quam
703 1623 755 1648 ne
798 1612 1066 1649 contentionis
1107 1611 1274 1673 quidem
1315 1613 1388 1648 mi-
1443 1628 1448 1664 ς

249 1765 265 1781 ⁰
289 1760 331 1792 In
348 1757 519 1791 Caelius’s
534 1766 615 1798 eyes
634 1754 770 1788 Curio's
785 1754 953 1796 panthers
965 1764 1055 1787 were
1069 1764 1109 1786 so
1123 1764 1234 1795 many
1249 1753 1270 1766 “
1282 1753 1387 1786 white

204 1801 424 1845 elephants.”
473 1800 543 1833 For
565 1799 626 1832 the
647 1798 820 1840 panthers
843 1807 900 1830 see
921 1795 1016 1838 Epp.
1037 1798 1069 1829 2.
1091 1798 1125 1834 2,
1146 1798 1179 1828 4.
1201 1798 1234 1834 5,
1257 1795 1330 1829 and
1353 1797 1386 1830 6.
1444 1802 1448 1839 -j

207 1850 240 1884 5,
258 1848 293 1879 in
310 1846 381 1878 this
406 1842 523 1877 Book.
573 1842 605 1874 It
621 1840 747 1874 should
770 1840 815 1872 be
837 1839 976 1872 noticed
1000 1838 1078 1872 that
1099 1838 1169 1871 this
1193 1838 1292 1871 letter
1315 1849 1386 1872 was
1445 1842 1448 1847 “

207 1891 458 1965 ξντὶὸεεῐηέοῐῃε
474 1885 591 1919 weeks
606 1884 726 1917 before
749 1883 808 1916 the
829 1881 909 1922 last,
926 1882 1042 1916 which
1063 1892 1136 1915 was
1157 1883 1294 1915 written
1316 1881 1386 1915 late

209 1943 246 1966 m
294 1942 314 1964 c
330 1943 351 1964 0
379 1942 428 1964 er.

209 1989 283 2023 142
