1448 2236
663 65 863 106 CICERO

169 170 415 217 dubitarem,
435 170 614 210 hortatio
631 171 843 222 impellere
859 177 1014 223 posset,
1031 177 1079 211 ut
1096 172 1140 211 id
1156 185 1362 224 sequerer,

169 250 278 301 quod
292 256 339 288 tu
354 252 554 300 optimum
569 256 750 301 putares.
805 250 921 289 Nunc
935 264 1031 290 vero
1047 247 1146 303 quid
1160 257 1237 297 est,
1252 253 1360 304 quod

167 342 234 367 me
258 331 301 366 in
327 328 447 366 aliam
473 334 635 379 partem
661 328 826 368 trahere
851 330 1012 380 possit?
1067 329 1359 382 Quaecumque

166 410 207 445 in
229 420 296 445 me
318 408 425 446 bona
447 413 556 453 sunt,
580 413 652 446 aut
677 406 865 447 fortunae
890 408 1088 447 beneficio
1110 409 1266 448 tributa
1288 415 1359 449 aut

167 500 259 525 meo
285 486 423 524 labore
448 492 583 537 parta,
612 489 688 525 etsi
716 500 740 524 a
764 492 809 525 te
834 492 1002 538 propter
1027 501 1205 526 amorem
1230 491 1358 527 carius

165 571 260 604 sunt
284 568 514 610 aestimata,
537 571 678 604 tamen
701 565 766 603 vel
788 568 1048 604 inimicissimi
1070 567 1216 606 iudicio
1239 573 1358 606 tanta

164 650 272 690 sunt,
314 650 361 683 ut
399 649 565 695 praeter
604 645 753 683 bonam
794 643 945 682 famam
984 645 1086 684 nihil
1126 645 1357 685 desiderare

124 729 144 761 3
163 724 390 762 videantur.
443 722 579 770 Quare
598 723 672 761 hoc
690 736 816 761 unum
833 724 908 762 tibi
924 724 1139 774 persuade,
1156 730 1356 776 quantum

163 803 311 841 viribus
339 804 452 847 eniti,
477 802 642 840 consilio
667 802 893 852 providere,
921 805 1165 842 auctoritate
1190 816 1356 843 monere

161 880 365 933 potuero,1
403 880 478 919 hoc
515 894 636 919 omne
673 880 920 931 reipublicae
959 893 1121 932 semper
1157 880 1355 921 futurum.

163 960 254 999 Non
272 966 335 998 est
350 962 513 1011 ignotus
530 959 628 997 mihi
644 972 784 997 sensus
800 965 895 998 tuus
913 972 924 1005 3
955 973 1104 1011 neque,
1120 962 1155 998 si
1171 959 1356 1007 facultas,

162 1039 350 1090 optabilis
370 1038 468 1076 mihi
489 1038 668 1089 quidem,
688 1041 750 1076 tui
769 1041 996 1089 praesentis
1019 1044 1142 1084 esset,
1162 1023 1355 1090 umquam

162 1132 187 1157 a
211 1121 292 1156 tuis
317 1117 488 1156 consiliis
514 1117 815 1167 discreparem3
855 1130 932 1155 nec
957 1130 1063 1155 nunc
1089 1120 1355 1165 committam,

162 1203 208 1235 ut
241 1197 366 1234 ullum
398 1209 537 1238 meum
570 1194 725 1234 factum
758 1195 1059 1246 reprehendere
1092 1198 1180 1234 iure
1212 1199 1353 1247 possis.

123 1283 145 1313 4
163 1275 261 1314 Sum
281 1278 323 1313 in
345 1277 651 1325 exspectatione
673 1276 852 1312 omnium
872 1287 1022 1319 rerum,
1043 1274 1141 1325 quid
1160 1277 1203 1313 in
1224 1274 1355 1313 Gallia

161 1357 361 1399 citeriore,
387 1354 486 1405 quid
510 1355 552 1391 in
580 1352 692 1391 Urbe
718 1366 859 1391 mense
886 1352 1073 1390 Ianuario
1099 1358 1280 1404 geratur,
1307 1359 1355 1392 ut

160 1436 297 1472 sciam.
352 1432 522 1471 Interim
542 1434 763 1469 maximam
784 1431 847 1469 hic
868 1431 1179 1469 sollicitudinem
1199 1444 1356 1470 curam-

162 1526 242 1564 que
263 1514 456 1557 sustineo,
477 1524 530 1549 ne
550 1513 658 1548 inter
679 1510 811 1548 aliena
830 1512 930 1548 vitia
950 1509 1028 1548 hae
1048 1515 1195 1561 gentes
1216 1516 1355 1549 nostra

161 1591 268 1629 mala
288 1603 402 1629 suam
422 1595 572 1640 putent
592 1591 856 1627 occasionem.
910 1587 1031 1635 Quod
1050 1590 1083 1626 si
1102 1588 1286 1639 proinde,
1307 1594 1355 1627 ut

161 1673 248 1721 ipse
287 1682 460 1713 mereor,
496 1667 594 1705 mihi
641 1669 891 1711 successerit,
930 1672 1042 1705 certe
1081 1671 1123 1704 et
1164 1667 1253 1711 tibi,
1290 1669 1355 1704 cui

161 1751 339 1786 maxime
370 1750 501 1798 cupio,
534 1751 577 1784 et
608 1746 792 1784 omnibus
824 1747 915 1782 viris
947 1745 1062 1783 bonis
1093 1743 1353 1783 satisfaciam.

163 1828 243 1865 Fac
261 1827 395 1865 valeas
413 1838 562 1876 meque
580 1829 722 1862 mutuo
741 1822 896 1873 diligas.

626 1922 639 1942 ¹
665 1932 804 1955 movere
824 1920 878 1954 M.

168 2012 246 2046 302

1436 1818 1448 1868 *md*

1424 1997 1447 2236 &waiam->ww
1434 1932 1447 1992 mim
1439 1917 1447 1926 L
1435 1890 1448 1910 <a
1437 1871 1448 1884 ιι.
