1448 2236
698 52 900 92 CICERO

206 157 260 195 ad
277 162 322 196 te
336 159 474 195 statim
494 157 611 196 dixit.
651 157 740 196 Etsi
761 163 850 196 erat
869 157 984 198 ἕωλος
1001 158 1070 197 illa
1083 159 1266 210 epistola,
1278 173 1392 211 prae-

206 230 347 266 sertim
366 230 491 266 tantis
509 233 655 279 postea
673 230 784 266 novis
802 229 923 267 rebus
942 228 1086 275 allatis,
1105 235 1245 268 tamen
1261 232 1393 281 perire

205 297 528 336 lucubrationem
556 311 691 336 meam
721 298 844 344 nolui,
875 304 919 337 et
949 312 1039 338 eam
1068 301 1197 350 ipsam
1227 299 1392 339 Caninio

207 368 304 407 dedi
321 381 331 414 ;
361 368 436 406 sed
449 381 541 406 cum
559 382 622 414 eo,
638 374 686 407 ut
701 382 793 407 cum
808 369 970 408 homine
986 369 1106 408 docto
1123 375 1167 408 et
1181 372 1243 408 tui
1257 383 1394 408 aman-

207 441 376 484 tissimo,
397 438 555 477 locutus
580 452 629 477 ea
652 452 754 485 sum,
777 452 883 490 quae
904 439 1119 491 pertulisse
1141 440 1253 478 illum
1276 440 1328 479 ad
1349 446 1393 479 te

166 515 186 546 2
207 511 407 548 existimo.
459 509 550 547 Tibi
578 515 717 547 autem
744 509 854 548 idem
881 509 1018 548 consili
1049 510 1116 556 do,
1144 510 1254 561 quod
1279 510 1394 548 mihi-

204 582 381 631 metipsi,
395 585 443 618 ut
457 582 630 618 vitemus
650 580 784 618 oculos
803 580 1025 626 hominum,
1039 582 1072 619 si
1085 580 1244 632 linguas
1258 583 1391 620 minus

203 650 321 689 facile
338 652 548 702 possimus.
601 650 681 698 Qui
701 653 808 689 enim
826 652 992 689 victoria
1009 664 1054 690 se
1073 651 1260 697 efferunt,
1278 654 1392 702 quasi

203 724 329 760 victos
353 735 425 760 nos
448 723 687 767 intuentum
726 723 795 772 qui
820 726 959 760 autem
981 723 1107 760 victos
1130 727 1286 760 nostros
1308 735 1393 760 mo-

203 792 307 831 leste
318 791 470 838 ferunt,
482 805 554 830 nos
566 791 708 830 dolent
718 794 866 830 vivere.
919 791 1101 839 Quaeres
1113 791 1297 838 fortasse,
1309 805 1392 838 cur,

202 876 295 901 cum
309 862 410 900 haec
425 864 466 900 in
483 862 596 900 Urbe
611 864 706 907 sint,
721 875 802 900 non
818 862 959 907 absim,
974 862 1317 913 quemadmodum
1331 868 1390 901 tu.

201 933 263 971 Tu
290 935 398 971 enim
425 935 525 983 ipse,
553 934 621 983 qui
650 937 693 970 et
719 945 786 970 me
814 937 858 971 et
885 932 982 970 alios
1007 932 1227 982 prudentia
1252 934 1391 979 vincis,

202 1005 350 1049 omnia,
370 1003 505 1048 credo,
525 1002 660 1040 vidisti
678 1015 688 1048 ;
723 1001 821 1040 nihil
841 1007 885 1040 te
905 1004 1067 1040 omnino
1087 1001 1246 1040 fefellit.
1292 1002 1390 1050 Quis

204 1080 267 1112 est
285 1079 371 1111 tam
387 1072 589 1125 Lynceus,
604 1075 673 1124 qui
692 1075 734 1110 in
748 1075 873 1110 tantis
892 1073 1072 1110 tenebris
1086 1071 1185 1109 nihil
1199 1071 1391 1119 offendat,
1432 1103 1437 1115 ,

163 1150 184 1183 3
202 1157 402 1195 nusquam
434 1145 613 1181 incurrat
630 1143 646 1180 ?
699 1143 760 1181 Ac
793 1142 890 1179 mihi
924 1142 1088 1193 quidem
1121 1144 1202 1179 iam
1233 1142 1390 1193 pridem
1434 1132 1435 1135 Ἰ

202 1217 314 1253 venit
326 1216 367 1251 in
378 1218 576 1258 mentem,
588 1213 740 1250 bellum
754 1226 855 1258 esse,
868 1212 1002 1263 aliquo
1015 1215 1140 1258 exire,
1151 1217 1200 1250 ut
1212 1225 1274 1258 ea,
1285 1225 1390 1264 quae

202 1285 430 1336 agebantur
448 1283 526 1329 hic,
545 1296 733 1334 quaeque
752 1283 1006 1328 dicebantur,
1023 1295 1099 1320 nec
1117 1282 1298 1320 viderem
1315 1295 1391 1321 nec

202 1355 397 1393 audirem.
450 1353 533 1392 Sed
551 1353 825 1391 calumniabar
844 1355 944 1403 ipse.
997 1351 1212 1398 Putabam,
1232 1354 1302 1403 qui
1321 1353 1390 1391 ob-
1433 1339 1436 1343 ¹

201 1428 307 1463 viam
344 1424 442 1461 mihi
478 1426 671 1469 venisset,
707 1428 755 1461 ut
792 1425 938 1473 cuique
974 1422 1230 1460 commodum
1267 1428 1389 1469 esset,
1434 1411 1439 1424 ⁵

200 1498 495 1545 suspicaturum
513 1499 585 1531 aut
601 1493 818 1539 dicturum,
836 1494 993 1531 etiamsi
1010 1505 1091 1531 non
1106 1494 1389 1542 suspicaretur,
1436 1451 1448 1539 l,

200 1565 225 1581 ‘⁸
244 1565 320 1603 Hic
340 1570 411 1603 aut
429 1567 592 1609 metuit,
613 1569 657 1602 et
676 1576 726 1601 ea
743 1576 788 1601 re
807 1562 914 1613 fugit
931 1574 942 1608 ;
975 1567 1048 1600 aut
1067 1561 1219 1613 aliquid
1235 1564 1390 1613 cogitat
1432 1551 1448 1600 ’ἶ

201 1641 246 1675 et
268 1635 395 1673 habet
418 1647 564 1672 navem
587 1632 814 1684 paratam.'’
869 1633 1073 1683 Denique,
1096 1632 1296 1670 levissime
1320 1635 1389 1683 qui
1440 1681 1448 1697 ⁴

200 1708 483 1756 suspicaretur,
521 1709 563 1741 et
599 1705 668 1754 qui
703 1702 874 1741 fortasse
909 1714 976 1740 me
1011 1703 1164 1752 optime
1199 1703 1389 1748 novisset,
1439 1703 1448 1736 .·'

251 1897 265 1911 ⁰
289 1891 365 1924 The
396 1891 595 1933 Argonaut,
627 1888 767 1921 famous
797 1888 853 1921 for
884 1888 938 1920 his
969 1886 1061 1920 keen
1092 1886 1198 1928 sight.
1246 1885 1298 1919 Or
1328 1886 1388 1920 the

204 1935 353 1976 reading
369 1944 453 1976 may
470 1934 514 1967 be
531 1934 680 1976 lynceus,
698 1930 719 1945 “
736 1931 818 1964 with
836 1931 896 1964 the
911 1941 992 1973 eyes
1007 1930 1049 1964 of
1060 1940 1083 1963 a
1098 1928 1220 1972 lynx.‘’

210 1992 284 2025 188
