1448 2236
701 60 902 100 CICERO

747 213 852 252 XIII

585 320 744 347 CAELIUS
771 321 955 347 CICERONI
980 321 1014 349 8.

619 402 767 442 Romae,
783 414 890 437 A.u.c.
908 405 985 437 704.

1440 400 1448 511 ιιι-...μ
1444 374 1448 380 .
1444 350 1448 360 .,
1445 300 1448 309 ,,
1446 279 1448 282 .
1441 247 1448 258 ⁴.

167 493 182 526 1
255 488 446 526 Gratulor
474 487 549 525 tibi
577 487 775 525 affinitate
804 489 877 526 viri
906 488 1063 526 medius
1093 488 1209 528 fidius
1239 492 1394 541 optimi.

203 558 310 596 Nam
328 558 403 596 hoc
424 570 500 608 ego
520 557 572 596 de
591 556 658 595 illo
679 560 878 596 existimo.
933 557 1081 596 Cetera
1098 571 1230 609 porro,
1250 561 1395 611 quibus

201 628 334 667 adhuc
357 627 425 666 ille
448 628 524 665 sibi
547 640 691 678 parum
715 627 824 666 utilis
848 627 940 674 fuit,
966 634 1010 666 et
1031 633 1172 667 aetate
1195 631 1278 667 iam
1300 636 1396 669 sunt

202 699 371 738 decussa
406 704 449 736 et
482 698 775 736 consuetudine
809 703 935 749 atque
968 701 1213 737 auctoritate
1246 705 1319 738 tua
1352 707 1396 739 et

200 769 356 821 pudore
386 768 555 814 Tulliae,
587 770 620 806 si
652 781 733 819 qua
763 769 991 815 restabunt,
1022 769 1179 808 confide
1210 768 1396 809 celeriter

202 839 408 878 sublatum
426 841 487 877 iri.
542 838 633 876 Non
657 843 719 876 est
743 840 851 876 enim
873 851 1040 890 pugnax
1060 841 1103 877 in
1121 841 1241 886 vitiis,
1261 853 1395 892 neque

200 910 327 948 hebes
344 909 399 947 ad
415 909 471 954 id,
490 908 599 959 quod
617 908 759 946 melius
777 911 844 954 sit,
862 908 1197 960 intellegendum.
1233 909 1394 949 Deinde

162 986 182 1017 2
202 979 328 1032 (quod
355 982 578 1017 maximum
608 978 686 1030 est)
711 991 787 1029 ego
815 978 927 1016 illum
955 978 1073 1017 valde
1101 992 1206 1018 amo.
1259 979 1393 1027 Voles,

201 1050 355 1096 Cicero,
383 1049 599 1088 Curionem
626 1054 808 1087 nostrum
834 1047 993 1087 lautum
1019 1051 1313 1088 intercessionis
1339 1050 1392 1089 de
1430 1095 1432 1098 v

200 1123 412 1172 provinciis
441 1122 597 1158 exitum
625 1118 826 1157 habuisse.
879 1118 986 1156 Nam
1008 1132 1100 1157 cum
1122 1119 1175 1158 de
1201 1121 1392 1159 interces-

201 1194 312 1230 sione
334 1189 568 1235 referretur,
593 1201 698 1240 quae
721 1188 864 1227 relatio
888 1188 1014 1227 fiebat
1039 1202 1090 1227 ex
1113 1195 1278 1228 senatus
1301 1203 1392 1228 con-

200 1261 320 1307 sulto,
349 1262 560 1311 primaque
591 1258 653 1297 M.
685 1258 868 1296 Marcelli
897 1261 1103 1297 sententia
1130 1262 1392 1310 pronuntiata

202 1337 323 1377 esset,
357 1333 426 1382 qui
458 1329 663 1381 agendum
695 1342 787 1367 cum
820 1329 990 1367 tribunis
1022 1328 1151 1379 plebis
1185 1330 1391 1376 censebat,

199 1401 391 1453 frequens
423 1406 588 1438 senatus
620 1402 662 1437 in
694 1398 771 1437 alia
802 1401 937 1436 omnia
967 1401 1028 1437 iit.
1081 1398 1298 1437 Stomacho
1330 1405 1392 1438 est
1424 1407 1428 1442 ζ

200 1472 353 1511 scilicet
370 1470 586 1521 Pompeius
606 1469 783 1521 Magnus
805 1482 911 1506 nunc
934 1470 993 1506 ita
1013 1467 1239 1520 languenti,
1257 1474 1304 1507 ut
1326 1471 1392 1507 vix

200 1543 256 1590 id,
277 1541 387 1593 quod
406 1542 481 1579 sibi
501 1540 676 1591 placeat,
696 1542 887 1591 reperiat.
939 1538 1199 1577 Transierant
1218 1538 1324 1585 illuc,
1346 1545 1392 1578 ut

200 1615 304 1651 ratio
324 1617 432 1650 esset
451 1613 536 1648 eius
554 1609 755 1655 habenda,
775 1611 844 1660 qui
863 1622 997 1660 neque
1017 1611 1240 1647 exercitum
1258 1621 1392 1660 neque

251 1723 267 1738 ‘⁵
292 1716 442 1750 Publius
458 1715 645 1748 Cornelius
658 1714 858 1752 Dolabella,
872 1714 952 1746 who
968 1712 1041 1746 had
1057 1712 1227 1746 divorced
1242 1712 1298 1745 his
1310 1713 1392 1746 wife
1424 1720 1426 1722 '

208 1761 322 1794 Fabia
351 1761 388 1793 in
414 1759 475 1792 the
504 1757 701 1801 preceding
727 1767 825 1800 year.
875 1756 945 1789 For
969 1767 993 1789 a
1016 1755 1154 1788 further
1179 1758 1329 1788 account
1353 1755 1395 1788 of
1424 1792 1426 1794 ,
1447 1774 1448 1777 =

202 1802 390 1837 Dolabella
405 1812 462 1835 see
477 1804 558 1834 note
572 1801 591 1834 b
608 1811 654 1833 on
670 1811 705 1842 p.
721 1801 800 1832 210.

253 1847 266 1867 ⁶
291 1846 347 1879 He
369 1856 442 1879 was
466 1843 580 1878 asked
606 1844 661 1876 his
687 1843 832 1885 opinion
858 1840 935 1874 first
959 1851 1000 1874 as
1026 1840 1134 1883 being
1159 1839 1283 1873 consul
1305 1840 1392 1874 elect
1446 1829 1448 1879 Ι

206 1889 262 1922 for
278 1892 321 1923 49
339 1899 404 1922 n-c.

255 1937 268 1953 ⁶
291 1933 360 1970 i.e.‚
376 1932 431 1964 for
446 1930 508 1964 the
522 1929 737 1972 consulship.

213 1982 287 2022 164
