1448 2236
673 34 874 73 CICERO

175 140 433 183 necessarios,
454 150 587 189 neque
606 137 735 176 solum
756 138 902 183 edicto,
921 138 995 176 sed
1014 141 1140 177 etiam
1158 139 1304 178 litteris
1324 140 1367 178 id

175 195 403 240 fecerimus,
443 194 555 246 digni
599 208 749 240 sumus,
785 208 884 246 quos
925 195 1076 234 habeas
1121 199 1183 234 tui
1229 197 1366 235 consili

174 256 405 303 participes,
424 254 466 289 in
486 265 534 290 ea
551 254 791 302 praesertim
808 265 867 297 re,
887 265 992 303 quae
1011 253 1064 291 ad
1082 267 1153 292 nos
1171 257 1365 305 pertinet.

136 316 157 347 2
176 311 312 358 Quare
333 312 510 360 petimus
533 322 557 346 a
578 314 636 355 te,
658 308 781 347 facias
803 322 875 347 nos
897 312 1087 348 certiores
1109 316 1207 349 tuae
1228 311 1366 350 volun-

175 370 272 405 tatis
284 370 326 404 in
337 380 409 405 nos
427 379 437 412 ;
462 372 637 416 putesne
649 379 720 404 nos
732 372 843 404 tutos
855 366 942 404 fore
953 370 995 404 in
1007 373 1124 405 tanta
1134 367 1365 419 frequentia

175 425 350 462 militum
372 429 670 470 veteranorum,
694 437 793 475 quos
818 426 942 461 etiam
965 423 1016 462 de
1038 426 1274 475 reponenda
1295 439 1366 464 ara

174 485 354 533 cogitare
381 481 593 527 audimus;
636 481 745 532 quod
769 480 872 518 velle
901 486 944 519 et
968 482 1141 531 probare
1166 485 1232 521 vix
1260 487 1366 535 quis—

175 552 298 590 quam
316 551 434 589 posse
455 538 629 583 videtur,
650 540 718 589 qui
738 550 810 575 nos
830 537 958 576 salvos
980 544 1023 576 et
1043 538 1233 579 honestos
1252 541 1364 581 velit.

175 596 258 634 Nos
287 596 339 633 ab
368 598 482 633 initio
512 601 716 646 spectasse
746 597 874 633 otium
903 608 978 634 nec
1007 596 1227 648 quidquam
1255 598 1366 637 aliud

175 654 365 692 libertate
382 655 584 691 communi
600 655 818 704 quaesisse,
836 655 968 691 exitus
984 653 1176 692 declarat.
1209 654 1365 694 Fallere

174 723 294 748 nemo
319 723 391 748 nos
415 716 567 760 potest,
592 713 666 748 nisi
691 716 765 755 tu;
805 710 1050 761 quod certe
1074 711 1192 749 abest
1215 711 1268 750 ab
1293 718 1366 750 tua

174 771 325 806 virtute
359 773 401 805 et
433 767 540 812 fide3
586 767 659 805 sed
689 767 788 805 alius
820 781 940 805 nemo
970 767 1209 807 facultatem
1239 769 1365 807 habet

172 825 401 875 decipiendi
418 838 489 862 nos
508 837 517 869 ;
550 825 624 862 tibi
644 827 751 861 enim
768 826 837 861 uni
854 824 1094 862 credidimus
1113 830 1157 863 et
1173 826 1365 864 credituri

134 889 155 921 3
174 895 323 920 sumus.
382 881 564 918 Maximo
594 881 646 919 de
675 882 789 919 nobis
819 883 964 918 timore
992 882 1219 920 afficiuntur
1247 884 1365 921 amici

175 941 327 984 nostri;
371 939 516 989 quibus
546 940 622 976 etsi
651 943 724 975 tua
752 937 851 975 fides
882 937 1091 988 explorata
1120 945 1196 985 est,
1225 945 1365 978 tamen

173 996 272 1034 illud
301 998 345 1033 in
374 1001 557 1032 mentem
588 997 714 1040 venit,
746 995 1050 1033 multitudinem
1080 1001 1365 1034 veteranorum

173 1053 328 1092 facilius
353 1052 505 1103 impelli
530 1052 582 1090 ab
609 1052 685 1090 alio
712 1052 907 1103 quolibet,
933 1065 1056 1103 quam
1080 1065 1106 1089 a
1130 1057 1174 1090 te
1198 1055 1365 1091 retineri

173 1123 304 1161 posse.
360 1110 570 1148 Rescribas
600 1110 713 1147 nobis
744 1109 797 1147 ad
826 1111 973 1154 omnia,
1001 1122 1203 1160 rogamus.
1259 1109 1365 1148 Nam

174 1169 272 1207 illud
286 1167 402 1205 valde
421 1167 511 1205 leve
532 1173 594 1205 est
608 1180 656 1205 ac
669 1169 942 1218 nugatorium,
957 1178 1006 1203 ea
1018 1178 1063 1203 re
1077 1166 1364 1205 denuntiatum

176 1239 262 1264 esse
279 1227 495 1270 veteranis,
509 1224 618 1276 quod
634 1224 686 1262 de
703 1224 921 1262 commodis
940 1235 1079 1260 eorum
1095 1236 1235 1261 mense
1249 1223 1364 1262 Iunio

174 1283 327 1321 laturus
362 1295 482 1320 esses.
542 1281 676 1328 Quem
710 1283 817 1318 enim
857 1280 1150 1330 impedimento
1181 1279 1365 1319 futurum

173 1345 307 1391 putas,
326 1352 416 1376 cum
436 1338 487 1376 de
506 1339 620 1376 nobis
638 1344 795 1376 certum
814 1340 879 1383 sit,
899 1350 970 1375 nos
989 1339 1195 1388 quieturos
1212 1337 1228 1374 ?
1273 1336 1364 1375 Non

229 1457 244 1472 ⁰
265 1452 350 1484 This
373 1451 466 1484 edict
487 1449 672 1483 dismissed
694 1451 787 1483 from
809 1450 869 1482 the
893 1448 1161 1491 municipalities
1177 1448 1237 1481 the
1251 1448 1364 1491 body-

180 1494 312 1538 guards
337 1495 467 1527 Brutus
490 1493 561 1526 and
580 1493 723 1526 Cassius
743 1492 813 1526 had
832 1492 979 1525 enlisted
1001 1495 1039 1525 to
1056 1494 1191 1534 protect
1205 1491 1303 1524 them
1317 1503 1363 1525 on
1441 1497 1448 1524 ἱ

180 1539 270 1571 their
286 1541 405 1570 return
421 1541 458 1570 to
475 1537 598 1569 Rome.
639 1540 661 1554 ‘⁶
674 1537 815 1574 Brutus,
831 1536 918 1568 thou
945 1535 968 1567 h
984 1538 1124 1577 praetor
1139 1535 1179 1567 of
1193 1534 1253 1567 the
1269 1534 1362 1577 City,
1442 1527 1448 1571 ἶ

180 1592 252 1614 was
273 1581 421 1613 without
441 1591 463 1613 a
481 1581 573 1620 city;
597 1579 668 1612 and
691 1579 827 1621 though
850 1578 898 1611 all
941 1578 1016 1620 taly
1038 1588 1109 1610 was
1132 1577 1306 1620 prepared
1326 1580 1364 1611 to
1439 1575 1448 1624 ξ

180 1624 309 1658 defend
340 1624 425 1662 him,
456 1622 632 1665 preferred
663 1626 699 1655 to
730 1622 803 1664 rely
833 1632 879 1654 on
914 1621 974 1654 the
1009 1619 1121 1654 moral
1149 1623 1298 1662 support
1326 1621 1367 1653 of

180 1666 396 1701 honourable
420 1677 511 1704 men,
535 1665 637 1698 while
660 1665 704 1698 he
726 1675 797 1698 was
820 1675 922 1706 away
944 1665 1036 1696 from
1060 1663 1184 1701 Rome,
1207 1663 1295 1695 than
1317 1674 1363 1696 on

205 1709 340 1753 hysical
364 1711 470 1748 force,
495 1709 526 1742 if
549 1708 592 1741 he
616 1719 706 1741 were
729 1707 862 1740 there.’'
911 1707 996 1739 This
1020 1707 1048 1739 is
1071 1706 1131 1738 the
1153 1709 1301 1748 purport
1326 1707 1367 1739 of

1432 2112 1448 2163 5

213 1754 336 1828 'ld'llie
344 1756 450 1834 {istan
464 1805 503 1827 or
515 1794 670 1832 column,
684 1792 797 1826 raised
811 1794 847 1825 in
861 1792 920 1825 the
935 1792 1077 1830 Forum,
1091 1790 1265 1824 inscribed
1278 1791 1362 1824 with

175 1840 234 1873 the
247 1838 361 1871 words
378 1838 522 1871 Caesari
531 1837 674 1879 parenti
682 1837 833 1878 patriae.
871 1835 1017 1910 Durinffi>
1024 1834 1200 1876 Antony's
1213 1833 1363 1867 absence

176 1884 211 1916 in
235 1882 328 1924 Italy
349 1882 417 1914 this
439 1881 529 1914 altar
550 1880 621 1913 had
642 1880 731 1912 been
752 1878 972 1912 overthrown
1018 1888 1043 1920 y
1064 1876 1260 1915 Dolabella,
1282 1877 1362 1910 who

176 1924 351 1968 punished
375 1924 475 1957 those
498 1923 577 1957 who
600 1922 671 1956 had
695 1921 809 1955 raised
836 1923 863 1955 it
877 1921 926 1963 by
949 1921 1125 1963 throwing
1147 1930 1244 1953 some
1268 1920 1362 1953 from

175 1982 252 2015 432
