1448 2236
660 66 862 106 CICERO

166 170 200 207 si
215 182 291 220 ego
306 171 380 207 sim
395 169 566 220 Neapoli
583 170 599 208 ?
629 170 782 210 Romae
796 184 889 210 cum
903 184 993 210 sum
1008 177 1052 210 et
1065 185 1191 223 urgeo
1205 170 1351 218 forum,

166 229 331 262 senatus
361 224 544 262 consulta
573 225 802 264 scribuntur
831 226 939 276 apud
968 231 1193 265 amatorem
1220 231 1352 272 tuum,
1422 241 1424 243 ’

166 276 404 315 familiarem
418 291 568 316 meum.
621 279 677 317 Et
691 279 856 331 quidem
870 293 962 318 cum
974 282 1017 318 in
1029 285 1213 318 mentem
1225 282 1351 326 venit,

165 345 292 382 ponor
320 332 372 370 ad
398 333 682 379 scribendum;
725 339 769 372 et
795 339 892 372 ante
920 334 1040 373 audio
1066 340 1232 373 senatus
1258 347 1351 372 con-

165 385 316 423 sultum
336 388 379 424 in
398 386 634 424 Armeniam
656 392 700 425 et
719 387 877 439 Syriam
898 401 986 427 esse
1004 388 1221 439 perlatum,
1242 388 1352 439 quod

164 442 206 477 in
226 452 361 478 meam
382 443 629 479 sententiam
650 440 804 479 factum
826 455 913 480 esse
933 442 1104 488 dicatur,
1124 455 1247 494 quam
1267 455 1350 480 om-

164 497 259 532 nino
277 497 527 533 mentionem
546 495 669 533 ullam
687 496 739 534 de
758 509 808 534 ea
824 509 869 534 re
888 509 976 535 esse
993 495 1157 535 factam.
1210 496 1350 547 Atque

164 547 239 586 hoc
265 548 388 586 nolim
414 562 482 587 me
507 551 629 587 iocari
654 555 804 600 putes3
845 563 940 588 nam
966 550 1064 588 mihi
1090 552 1191 588 scito
1217 552 1298 587 iam
1325 562 1350 587 a

162 603 325 653 regibus
345 603 496 641 ultimis
517 603 658 641 allatas
680 617 768 642 esse
786 603 958 650 litteras,
978 605 1123 656 quibus
1142 603 1240 641 mihi
1259 617 1349 655 gra-

163 658 240 694 tias
255 662 393 707 agant,
406 657 515 708 quod
527 670 571 695 se
583 670 677 696 mea
688 661 894 696 sententia
905 671 1022 710 reges
1036 658 1322 710 appellaverim
1336 670 1347 703 ;

163 723 262 761 quos
277 724 353 762 ego
365 725 446 749 non
458 711 579 749 modo
591 724 708 763 reges
722 712 959 763 appellatos,
971 713 1045 751 sed
1056 715 1218 751 omnino
1229 717 1347 750 natos

123 770 144 801 5
162 766 405 803 nesciebam.
459 765 568 813 Quid
596 779 692 817 ergo
721 767 815 804 est?
867 766 1037 812 Tamen,
1063 766 1257 818 quamdiu
1283 765 1348 804 hic

164 821 241 857 erit
258 825 396 857 noster
412 818 476 857 hic
492 818 722 870 praefectus
740 821 930 866 moribus,
945 821 1097 871 parebo
1116 822 1347 858 auctoritati

162 878 259 911 tuae
277 885 287 918 ;
320 886 412 911 cum
429 886 524 912 vero
543 874 687 920 aberit,
705 874 758 912 ad
774 873 919 925 fungos
935 887 1002 912 me
1019 880 1111 913 tuos
1128 873 1345 912 conferam.

162 926 340 965 Domum
354 929 387 965 si
401 926 574 973 habebo,
587 930 630 965 in
644 928 769 966 denos
781 929 866 967 dies
882 928 1057 980 singulos
1071 930 1346 979 sumptuariae

160 980 261 1032 legis
297 981 383 1019 dies
420 980 637 1020 conferam.
690 981 760 1020 Sin
797 988 936 1021 autem
972 985 1103 1021 minus
1139 985 1344 1027 invenero,

161 1035 270 1086 quod
282 1035 457 1086 placeat,
471 1035 631 1074 decrevi
644 1035 828 1075 habitare
843 1036 952 1088 apud
964 1042 1008 1074 te
1025 1049 1036 1082 3
1063 1038 1143 1075 scio
1158 1038 1265 1074 enim
1278 1049 1345 1074 me

159 1089 258 1126 nihil
289 1090 363 1127 tibi
395 1092 549 1141 gratius
581 1089 715 1128 facere
746 1103 876 1141 posse,
931 1091 1110 1129 Domum
1140 1089 1344 1128 Sullanam

159 1143 426 1194 desperabam
444 1146 538 1190 iam,
557 1150 604 1182 ut
622 1145 697 1182 tibi
715 1147 898 1195 proxime
917 1146 1054 1196 scripsi
1070 1157 1081 1190 ;
1113 1144 1187 1183 sed
1204 1149 1344 1182 tamen

159 1211 239 1235 non
270 1198 410 1236 abieci.
463 1198 525 1236 Tu
555 1198 689 1244 velim,
720 1205 767 1237 ut
796 1200 947 1245 scribis,
976 1212 1069 1237 cum
1098 1197 1221 1236 fabris
1252 1211 1342 1236 eam

157 1254 386 1302 perspicias.
439 1251 481 1290 Si
513 1255 621 1290 enim
651 1252 749 1290 nihil
781 1258 844 1291 est
874 1255 916 1290 i'n
945 1253 1167 1303 parietibus
1198 1257 1271 1290 aut
1299 1253 1342 1289 in

157 1311 267 1344 tecto
285 1308 370 1351 viti,
389 1311 526 1344 cetera
543 1306 640 1343 mihi
657 1307 947 1357 probabuntur.

201 1419 217 1435 ⁰
240 1415 431 1458 Generally
457 1416 636 1458 supposed
664 1419 701 1449 to
730 1417 775 1450 be
804 1417 945 1456 Caesar,
974 1417 1040 1450 but
1070 1416 1193 1450 Cicero
1223 1415 1341 1449 would

157 1459 285 1501 hardly
299 1459 390 1492 have
407 1459 520 1492 called
542 1460 616 1492 him
639 1460 693 1493 his
704 1461 915 1503 familiaris.
962 1459 1099 1502 Tyrrell
1119 1459 1191 1492 and
1214 1459 1342 1492 Purser

156 1513 217 1535 are
233 1502 410 1544 probably
426 1503 523 1545 right
540 1504 575 1536 in
594 1505 803 1546 suggesting
819 1504 898 1536 that
914 1505 942 1536 it
958 1505 988 1537 is
1007 1503 1153 1542 Balbus,
1171 1502 1251 1536 who
1268 1512 1340 1535 was

156 1545 317 1578 Caesar's
331 1548 451 1587 agent.

205 1587 218 1608 ὓ
241 1588 301 1621 An
316 1588 463 1621 obvious
478 1599 579 1621 sneer
593 1592 631 1621 at
651 1589 712 1622 the
726 1590 883 1632 servility
897 1589 938 1622 of
956 1589 1016 1623 the
1038 1589 1168 1623 Senate
1187 1587 1258 1621 and
1279 1588 1339 1621 the

155 1642 234 1664 new
262 1631 362 1664 office
389 1631 602 1674 (praefectus
630 1633 783 1665 moribus
812 1632 868 1665 for
895 1633 994 1666 three
1021 1632 1139 1674 years)
1167 1633 1273 1674 given
1301 1634 1339 1664 to

155 1674 286 1707 Caesar
300 1674 392 1707 after
406 1675 461 1707 his
476 1674 624 1707 African
639 1676 787 1717 victory.

202 1722 215 1738 ⁰
239 1717 380 1756 Paetus,
398 1717 507 1760 being
523 1729 570 1750 an
587 1719 740 1760 epicure,
758 1718 846 1751 took
863 1718 1065 1760 advantage
1082 1717 1122 1750 of
1136 1729 1158 1751 v
1205 1716 1337 1750 etables

155 1763 218 1793 not
242 1761 350 1803 being
374 1760 540 1794 included
564 1762 602 1794 in
627 1760 787 1794 Caesar's
811 1764 1023 1804 sumptuary
1046 1761 1126 1794 law.
1203 1771 1243 1793 or
1267 1760 1337 1793 this

153 1803 226 1836 and
242 1804 338 1836 what
351 1804 488 1837 follows
503 1815 561 1837 see
575 1805 634 1837 vii.
650 1807 707 1837 26.
723 1807 757 1837 2.

201 1846 216 1866 ‘⁸
240 1847 310 1880 For
324 1847 425 1885 ,Sulla
441 1858 499 1881 see
514 1850 598 1881 note
612 1858 658 1881 on
676 1849 721 1881 ix.
742 1850 795 1882 10.
811 1850 845 1881 2.

156 2003 232 2044 236
