1448 2236
666 90 866 131 CICERO

693 229 838 269 XXIII

573 337 745 364 PLANCUS
773 338 957 365 CICERONI

565 419 751 459 Cularone,
768 431 874 455 A.U.c.
892 423 970 456 711.

134 505 150 539 1
221 501 454 555 Numquam
483 504 748 551 mehercules,
771 509 826 543 mi
857 506 1011 552 Cicero,
1033 521 1100 546 me
1129 487 1358 559 poenitebit

169 581 348 617 maxima
379 581 558 630 pericula
592 594 664 631 pro
697 583 832 632 patria
865 583 1014 629 subire,
1047 583 1159 629 dum,
1193 585 1226 622 si
1259 584 1358 635 quid

170 655 361 694 acciderit
392 655 505 701 mihi,
538 669 563 694 a
592 657 906 707 reprehensione
937 661 1183 697 temeritatis
1215 659 1355 698 absim.

169 730 395 770 Confiterer
418 732 692 783 imprudentia
715 746 782 771 me
806 733 978 784 lapsum,
1002 737 1035 773 si
1060 747 1254 786 umquam
1278 734 1356 773 Le-

167 807 263 857 pido
291 821 343 846 ex
371 810 504 847 animo
531 809 804 847 credidissem.
858 809 1084 848 Credulitas
1113 813 1220 848 enim
1247 823 1356 849 error

169 888 232 921 est
244 885 387 934 magis,
402 897 525 935 quam
538 884 657 935 culpa
673 896 684 930 ;
714 890 757 923 et
771 885 937 936 quidem
949 887 992 923 in
1005 888 1148 936 optimi
1162 888 1355 937 cuiusque

167 964 350 998 mentem
383 958 572 998 facillime
604 962 758 1010 irrepit.
811 959 893 999 Sed
927 974 1003 1012 ego
1036 974 1118 999 non
1149 961 1225 1000 hoc
1256 963 1354 1000 vitio

166 1047 298 1085 paene
315 1049 405 1073 sum
421 1035 617 1087 deceptus
635 1048 646 1082 ;
678 1035 879 1087 Lepidum
896 1039 1003 1075 enim
1018 1036 1185 1088 pulchre
1200 1050 1352 1076 noram.

167 1110 276 1159 Quid
297 1125 394 1163 ergo
415 1117 478 1151 est
495 1112 511 1150 ?
564 1111 699 1150 Pudor
717 1125 799 1158 me,
819 1115 889 1163 qui
907 1114 950 1151 in
968 1112 1075 1151 bello
1094 1115 1271 1152 maxime
1290 1118 1354 1152 est

164 1188 424 1238 periculosus,
443 1188 550 1226 hunc
568 1201 705 1226 casum
723 1191 859 1239 coegit
878 1189 1025 1227 subire.
1079 1188 1198 1235 Nam,
1221 1191 1253 1227 si
1272 1202 1353 1228 uno

164 1261 252 1301 loco
272 1275 417 1308 essem,
435 1262 618 1308 verebar,
638 1275 690 1300 ne
709 1264 774 1300 cui
793 1263 1114 1301 obtrectatorum
1132 1262 1292 1301 viderer
1309 1268 1353 1301 et

165 1340 333 1376 nimium
348 1340 612 1389 pertinaciter
627 1337 783 1388 Lepido
798 1337 972 1376 offensus
989 1344 1032 1377 et
1046 1351 1139 1376 mea
1152 1340 1353 1389 patientia

125 1419 147 1451 2
166 1416 291 1453 etiam
324 1414 433 1452 alere
464 1413 630 1452 bellum.
684 1414 832 1465 Itaque
863 1416 997 1464 copias
1028 1426 1155 1465 prope
1186 1416 1229 1452 in
1259 1427 1351 1453 con-

163 1496 350 1541 spectum
373 1490 518 1541 Lepidi
541 1490 791 1541 Antoniique
814 1490 979 1536 adduxi,
1001 1490 1351 1541 quadragintaque
1421 1533 1423 1536 ¹

162 1566 332 1604 millium
348 1579 541 1617 passuum
558 1568 689 1616 spatio
706 1565 847 1604 relicto
864 1565 1028 1604 consedi
1045 1578 1094 1604 eo
1109 1560 1287 1611 consilio,
1303 1569 1352 1605 ut
1420 1620 1422 1622 Ι

163 1642 229 1680 vel
259 1641 447 1680 celeriter
478 1641 686 1687 accedere,
714 1640 780 1679 vel
810 1640 1042 1679 salutariter
1071 1643 1253 1692 recipere
1282 1653 1350 1679 me

162 1731 336 1769 possem.
389 1717 569 1755 Adiunxi
609 1716 709 1754 haec
748 1718 791 1754 in
829 1716 916 1754 loco
958 1715 1158 1767 eligendo,
1197 1715 1350 1754 flumen

163 1795 394 1844 oppositum
413 1798 460 1831 ut
479 1792 687 1837 haberem,
705 1793 748 1829 in
767 1804 848 1842 quo
866 1804 980 1830 mora
998 1793 1192 1830 transitus
1213 1796 1348 1837 esset;

162 1869 347 1907 Vocontii
361 1868 435 1906 sub
448 1881 572 1905 manu
584 1872 631 1906 ut
645 1871 794 1912 essent,
806 1879 880 1917 per
893 1879 1063 1917 quorum
1074 1866 1162 1905 loca
1174 1866 1349 1905 fideliter

161 1944 259 1982 mihi
275 1949 441 1995 pateret
457 1945 549 1981 iter.
603 1941 795 1993 Lepidus,
812 1942 1028 1993 desperato
1046 1942 1226 1981 adventu
1239 1954 1347 1988 meo,

166 2022 243 2062 366
