1448 2236
674 45 875 85 CICERO

180 154 372 203 quinque.
426 151 494 189 Ad
519 150 607 189 me1
633 150 857 201 complures
883 151 1032 189 milites
1060 156 1104 190 et
1132 153 1289 202 equites
1316 151 1368 190 ab

181 220 230 244 eo
257 208 520 250 transierunt,
549 210 593 244 et
624 207 666 242 in
694 205 781 243 dies
809 204 986 256 singulos
1015 207 1100 243 eius
1126 208 1268 255 copiae
1296 207 1371 243 mi-

140 265 161 297 2
180 265 373 298 nuuntur.
426 258 583 296 Silanus
600 264 644 297 et
662 258 801 297 Culleo
817 259 868 296 ab
889 272 937 297 eo
951 258 1234 297 discesserunt.
1286 258 1370 297 Nos

181 316 258 352 etsi
273 315 452 364 graviter
467 313 519 350 ab
534 312 595 350 his
609 312 708 350 laesi
725 325 897 357 eramus,
913 312 1022 363 quod
1036 317 1177 350 contra
1190 318 1370 353 nostram

179 367 434 405 voluntatem
473 366 526 404 ad
571 366 796 404 Antonium
833 368 980 411 ierant,
1017 371 1171 411 tamen,
1207 372 1370 404 nostrae

181 420 445 470 humanitatis
480 425 524 458 et
555 420 862 458 necessitudinis
895 432 1029 465 causa,
1061 432 1199 458 eorum
1230 419 1370 458 salutis

180 476 381 513 rationem
396 474 609 511 habuimus
628 486 638 519 ;
665 486 741 511 nec
755 479 896 511 tamen
911 486 1050 511 eorum
1069 486 1193 524 opera
1206 475 1371 518 utimur,

181 540 316 578 neque
342 530 385 565 in
412 530 554 565 castris
581 527 777 565 habemus
806 540 940 577 neque
968 526 1037 564 ulli
1064 529 1230 578 negotio
1256 539 1372 577 prae-

181 581 364 619 fecimus.
418 580 538 628 Quod
565 581 617 619 ad
642 581 794 619 bellum
820 580 895 619 hoc
922 582 1086 625 attinet,
1112 593 1188 618 nec
1212 582 1372 618 senatui

182 649 258 673 nec
288 635 534 685 reipublicae
566 634 781 673 deerimus.
835 633 952 682 Quae
982 639 1127 685 postea
1158 636 1372 685 egerimus,

181 688 328 727 faciam
346 694 391 726 te
409 691 637 726 certiorem.

647 844 825 882 XXXIV
853 844 910 896 (B)

590 952 754 978 LEPIDUS
784 952 968 978 CICERONI

433 1027 491 1061 Ad
510 1027 658 1060 Pontem
676 1027 908 1069 Argenteum,
925 1037 1031 1059 A.U.c.
1049 1028 1127 1060 711.

150 1113 166 1144 1
237 1105 327 1144 Etsi
364 1107 473 1143 omni
509 1110 695 1155 tempore
732 1117 890 1142 summa
926 1104 1061 1142 studia
1096 1103 1198 1142 offici
1232 1110 1375 1143 mutuo

185 1162 294 1198 inter
317 1172 388 1197 nos
412 1161 601 1196 certatim
625 1160 897 1196 constiterunt
918 1170 992 1207 pro
1015 1162 1153 1196 nostra
1175 1160 1282 1196 inter
1303 1171 1375 1196 nos
1442 1164 1445 1166 '

186 1212 478 1258 familiaritate,
505 1217 548 1250 et
571 1212 741 1262 proinde
767 1211 985 1262 diligenter
1009 1211 1061 1249 ab
1086 1216 1260 1262 utroque
1284 1225 1376 1250 con·
1442 1228 1448 1240 -

187 1271 349 1305 servata
379 1271 488 1311 sunt,
520 1271 660 1303 tamen
692 1279 772 1303 non
805 1265 961 1309 dubito,
992 1266 1034 1302 in
1065 1269 1182 1302 tanto
1214 1270 1258 1303 et
1290 1271 1376 1303 tam
1444 1276 1448 1279 ·

186 1322 401 1371 repentino
434 1319 680 1369 reipublicae
712 1323 841 1363 motu,
873 1320 970 1368 quin
1003 1317 1195 1355 nonnulla
1226 1318 1278 1356 de
1309 1332 1377 1357 me

187 1373 296 1412 falsis
322 1373 548 1411 rumoribus
576 1386 601 1410 a
625 1374 726 1410 meis
753 1372 1093 1410 obtrectatoribus
1119 1384 1186 1409 me
1211 1372 1379 1423 indigna

189 1427 242 1466 ad
263 1433 307 1466 te
331 1427 470 1465 delata
493 1429 587 1470 sint,
612 1439 717 1476 quae
740 1431 858 1463 tuum
882 1427 1060 1462 animum
1082 1438 1231 1476 magno
1254 1438 1377 1476 opere

187 1485 402 1519 moverent
432 1493 505 1530 pro
537 1485 610 1517 tuo
643 1492 779 1517 amore
811 1481 853 1516 in
884 1478 1188 1529 rempublicam.
1241 1479 1303 1516 Ea
1332 1484 1378 1517 te

188 1534 399 1572 moderate
428 1535 629 1583 accepisse
657 1546 791 1583 neque
818 1537 976 1570 temere
1003 1532 1250 1570 credendum
1276 1533 1378 1570 iudi-

188 1601 315 1633 casse,
330 1601 354 1625 a
367 1589 468 1625 meis
481 1587 807 1637 procuratoribus
821 1588 968 1624 certior
981 1598 1071 1623 sum
1084 1584 1215 1623 factus
1233 1597 1244 1631 ;
1273 1598 1378 1636 quae

237 1662 252 1683 ¹
279 1663 428 1705 Tyr-rell,
445 1663 633 1705 following]
660 1662 833 1705 Madviqe
879 1664 1050 1705 equitum.
1097 1664 1217 1705 itaque
1239 1661 1285 1695 ad
1316 1661 1379 1695 M:

193 1708 354 1749 equitum
374 1706 425 1739 M.
475 1706 602 1749 Itaque
619 1705 666 1739 K.
684 1706 764 1739 Pal.

242 1799 257 1815 ‘²
281 1795 348 1828 See
364 1798 446 1828 note
461 1806 483 1827 a
500 1806 546 1828 on
562 1805 597 1837 p.
614 1796 690 1828 394.

245 1837 258 1857 ¹²
283 1838 327 1879 Q.
344 1838 527 1871 Terentius
543 1837 665 1871 Culleo
681 1848 752 1871 was
767 1837 959 1913 appointed
977 1837 1026 1880 by
1043 1838 1198 1880 Lepidus
1214 1841 1251 1872 to
1264 1839 1379 1882 guard

195 1881 269 1957 gig]
279 1881 462 1967 plasgelsgloi’
487 1881 548 1914 the
570 1880 670 1924 Alps,
694 1881 777 1933 but?
817 1877 928 1923 n‘tony
951 1881 1149 1924 persuaded
1178 1882 1252 1915 him
1274 1885 1312 1916 to
1333 1882 1380 1916 let

198 1980 275 2014 420
