1448 2236
686 58 888 105 CICERO

191 159 334 209 plexus
357 173 414 206 es,
437 166 481 199 et
501 160 655 207 tenes,1
674 161 842 212 perfice,
863 167 911 201 ut
931 176 984 201 ne
1005 164 1138 201 minus
1156 163 1385 214 respublica

191 225 266 262 tibi
283 237 407 275 quam
424 230 471 263 tu
487 226 736 276 reipublicae
752 226 914 265 debeas.
971 226 1045 265 Me
1059 233 1159 266 tuae
1174 227 1385 278 dignitatis

190 302 271 326 non
298 289 419 328 modo
447 288 665 336 fautorem,
693 291 766 329 sed
805 293 931 329 etiam
961 291 1293 342 amplificatorem
1319 304 1384 330 co-
1434 307 1436 311 ’

190 365 374 404 gnosces.
430 354 479 392 Id
494 367 587 405 cum
601 355 861 406 reipublicae,
877 368 983 406 quae
997 355 1096 394 mihi
1111 358 1196 394 vita
1211 361 1273 394 est
1291 369 1385 394 mea

190 420 332 464 carior,
357 423 447 456 tum
471 425 634 457 nostrae
659 420 947 458 necessitudini
971 420 1123 459 debere
1146 433 1214 459 me
1237 420 1382 459 iudico.

190 482 330 533 Atque
349 485 391 520 in
410 483 470 521 his
489 486 607 529 curis,
628 497 729 535 quas
747 484 899 522 contuli
919 485 972 523 ad
988 485 1235 536 dignitatem
1254 490 1382 531 tuam,

190 550 281 597 cepi
301 561 494 599 magnam
513 548 782 599 voluptatem,
803 549 912 600 quod
931 550 1039 587 bene
1058 552 1264 600 cognitam
1283 549 1382 587 mihi

189 611 236 649 T.
268 611 432 650 Munati
461 613 723 663 prudentiam
754 619 798 652 et
827 613 950 652 fidem
978 616 1107 665 magis
1139 616 1263 652 etiam
1291 626 1383 664 per-

187 679 302 726 spexi
340 679 382 714 in
420 680 505 715 eius
542 678 769 716 incredibili
807 691 905 730 erga
939 684 985 718 te
1020 677 1304 717 benevolentia
1339 682 1385 718 et

188 740 418 792 diligentia.
471 754 535 781 111.
563 742 660 781 Idus
678 743 852 794 Apriles.

729 937 836 976 XIII

628 1045 769 1071 cml-:Ro
797 1045 945 1072 PLANCO

600 1126 749 1167 Romae,
767 1139 874 1162 A.u.c.
892 1130 970 1162 711.

150 1225 167 1258 1
240 1221 300 1260 Ut
321 1224 497 1272 primum
517 1226 702 1272 potestas
725 1222 824 1260 data
848 1227 910 1260 est
934 1222 1147 1273 augendae
1169 1221 1379 1274 dignitatis

187 1291 300 1331 tuae,
321 1286 419 1323 nihil
438 1289 695 1337 praetermisi
733 1288 775 1324 in
794 1292 839 1324 te
860 1287 1054 1332 ornando,
1074 1287 1183 1337 quod
1201 1289 1380 1337 positum

189 1356 297 1388 esset
313 1356 385 1388 aut
399 1353 442 1388 in
455 1353 636 1401 praemio
652 1353 827 1397 virtutis,
843 1356 915 1390 aut
928 1353 970 1388 in
986 1351 1136 1389 honore
1150 1351 1379 1389 verborum.

188 1414 238 1452 Id
261 1427 313 1452 ex
330 1417 421 1466 ipso
444 1421 609 1453 senatus
633 1415 815 1454 consulto
837 1418 990 1466 poteris
1012 1428 1255 1466 cognoscere
1273 1427 1283 1460 ;
1319 1417 1379 1453 ita

189 1481 297 1517 enim
334 1485 397 1517 est
432 1482 717 1530 perscriptum,
753 1485 800 1518 ut
836 1493 860 1517 a
894 1493 962 1518 me
996 1479 1050 1518 de
1084 1482 1233 1530 scripto
1268 1479 1379 1518 dicta

185 1546 393 1582 sententia
422 1550 512 1589 est3
556 1557 679 1595 quam
708 1550 872 1582 senatus
902 1543 1092 1595 frequens
1121 1549 1283 1582 secutus
1314 1549 1376 1582 est

147 1613 167 1645 2
187 1621 343 1646 summo
387 1609 522 1646 studio
565 1622 796 1660 magnoque
840 1622 1050 1647 consensu.
1103 1608 1192 1659 Ego
1236 1621 1376 1659 quam-

186 1686 310 1723 quam
327 1686 378 1711 ex
395 1675 476 1711 tuis
492 1673 655 1718 litteris,
672 1686 772 1724 quas
789 1673 887 1710 mihi
903 1675 1060 1718 misisti,
1075 1685 1377 1723 perspexeram,

186 1743 230 1776 te
256 1740 388 1789 magis
414 1738 561 1776 iudicio
587 1738 798 1783 bonorum,
825 1750 948 1788 quam
975 1738 1198 1788 insignibus
1223 1737 1377 1788 gloriae

393 1823 405 1842 ²
432 1824 480 1856 ΙΙ.
496 1823 578 1856 Ραῑ.
593 1836 604 1858 2
633 1823 837 1866 complexus
853 1834 902 1862 es,
919 1826 1000 1857 tene
1017 1823 1073 1857 Μ.

249 1995 274 2036 6
381 1948 398 1965 ⁰
421 1945 497 1978 The
515 1944 701 1978 Munatius
717 1943 920 1978 mentioned
936 1945 972 1977 in
989 1946 1040 1983 §2
1057 1944 1181 1978 above.

194 2001 245 2035 33
