1448 2236
671 51 872 90 CICERO
915 27 935 71 J

171 166 339 191 munere
351 153 569 192 aedilitatis
579 153 817 205 perfunctus
828 159 935 206 petit
945 163 1192 208 praeturam,
1204 173 1360 200 omnes-

170 236 250 275 que
263 223 510 276 intellegunt
523 237 599 262 nee
613 225 859 277 dignitatem
874 229 911 265 ei
925 227 1068 266 deesse
1082 241 1158 267 nee
1171 232 1359 281 gratiam.

169 293 250 333 Sed
271 297 304 332 is
327 295 503 333 ambitus
528 300 689 333 exstare
712 296 886 344 videtur,
908 303 956 336 ut
980 311 1056 350 ego
1079 303 1214 338 omnia
1235 304 1359 351 perti-

168 378 358 411 mescam,
375 370 588 417 totamque
603 369 847 417 petitionem
863 367 1030 407 Lamiae
1046 369 1145 408 mihi
1160 374 1359 409 sustinen-

129 440 150 472 2
168 435 262 474 dam
283 441 440 487 putem.
490 436 538 474 In
561 449 611 474 ea
630 450 675 475 re
697 443 896 489 quantum
918 452 984 477 me
1005 443 1132 490 possis
1154 441 1358 488 adiuvare,

167 505 285 545 facile
302 509 501 558 perspicio
519 520 528 545 :
561 521 636 546 nec
654 521 763 554 vero,
781 515 981 561 quantum
998 523 1091 549 mea
1108 524 1230 551 causa.
1247 512 1358 559 velis,

167 577 324 616 dubito.
386 577 518 615 Velim
552 580 690 630 igitur,
725 582 780 616 mi
814 579 955 626 Brute,
990 581 1065 619 tibi
1098 582 1357 633 persuadeas,

167 647 265 685 nihil
276 660 344 687 me
355 651 508 687 maiore
519 649 654 687 studio
666 662 692 687 a
703 654 747 688 te
758 655 916 700 petere,
928 651 1026 688 nihil
1037 657 1082 690 te
1093 652 1191 690 mihi
1203 656 1357 704 gratius

167 717 302 757 facere
334 731 467 769 posse,
501 733 624 770 quam
658 722 691 758 si
726 721 909 759 omnibus
944 724 1024 760 tuis
1059 723 1215 773 opibus,
1249 727 1357 762 omni

167 789 301 827 studio
324 789 508 827 Lamiam
529 792 571 827 in
591 793 791 841 petitione
812 794 958 829 iuveris
975 804 986 838 3
1022 792 1132 844 quod
1153 798 1199 831 ut
1219 792 1357 840 facias,

166 859 432 898 vehementer
448 865 492 898 te
509 873 621 912 rogo.

689 1017 831 1057 XVIII

370 1115 416 1143 m.
442 1116 481 1143 Τ.
508 1117 543 1143 e.
570 1116 602 1143 s.
630 1117 670 1143 D.
698 1117 828 1144 BRUTO
856 1118 943 1144 ιΜΡ.
971 1118 1052 1146 cos.
1079 1119 1165 1146 mes.

579 1199 725 1239 Romae,
742 1211 849 1234 A.u.c.
867 1203 944 1234 711.

127 1282 144 1314 1
215 1277 304 1314 Etsi
334 1288 384 1314 ex
413 1276 629 1322 mandatis,
659 1289 764 1327 quae
794 1276 950 1315 Galbae
979 1277 1274 1331 Volumnioque
1304 1279 1356 1318 ad

164 1353 352 1385 senatum
390 1346 551 1392 dedisti,
590 1346 687 1398 quid
724 1347 952 1385 timendum
990 1349 1355 1400 suspicandumque

162 1423 342 1468 putares,
384 1417 699 1467 suspicabamur,
740 1422 879 1455 tamen
921 1418 1122 1457 timidiora
1162 1420 1356 1458 mandata

164 1488 420 1532 videbantur,
436 1501 559 1538 quam
576 1493 664 1525 erat
680 1487 848 1538 dignum
863 1493 935 1526 tua
949 1488 1170 1540 populique
1185 1489 1355 1528 Romani

163 1560 343 1596 victoria.
383 1557 557 1595 Senatus
573 1563 725 1602 autem,
740 1560 796 1595 mi
809 1558 949 1603 Brute,
964 1558 1078 1596 fortis
1095 1565 1157 1597 est
1173 1565 1215 1597 et
1229 1559 1355 1599 habet

163 1628 289 1667 fortes
312 1627 448 1666 duces.
497 1627 644 1679 Itaque
666 1627 837 1666 moleste
858 1627 1019 1667 ferebat
1040 1642 1084 1667 se
1107 1642 1131 1666 a
1152 1635 1209 1675 te,
1232 1643 1355 1681 quem

163 1701 356 1744 omnium,
382 1701 625 1749 quicumque
649 1697 833 1744 fuissent,
858 1697 1119 1737 fortissimum
1143 1700 1352 1746 iudicaret,
1408 1720 1411 1723 <

124 1775 145 1806 2
164 1769 351 1807 timidum
381 1774 507 1820 atque
538 1771 729 1820 ignavum
758 1769 937 1807 iudicari.
993 1770 1158 1808 Etenim
1188 1783 1280 1808 cum
1309 1776 1354 1809 te

162 1840 314 1877 incluso
351 1852 465 1890 spem
501 1842 721 1876 maximam
757 1852 895 1877 omnes
932 1839 1167 1877 habuissent
1203 1843 1246 1878 in
1280 1846 1351 1878 tua

236 1939 250 1953 ‘¹
273 1946 306 1967 x,
323 1935 379 1967 30.
867 1933 882 1955 δ
904 1935 937 1967 A
955 1934 1087 1976 leyatus
1103 1935 1145 1968 of
1157 1934 1283 1968 Galba.

165 1989 241 2026 474
