1448 2236
679 55 879 94 CICERO

181 159 398 199 Graeceius
419 164 482 198 est
500 160 752 206 subsecutus,
771 165 911 198 tamen
930 172 982 198 ex
1001 159 1196 198 Graeceio
1212 160 1366 210 poteris

140 229 161 262 2
178 237 434 276 cognoscere.
475 224 609 275 Caput
623 230 764 278 autem
779 230 842 263 est
856 224 946 270 hoc,
961 224 1070 276 quod
1085 229 1130 262 te
1144 223 1365 275 diligentis-

178 291 278 327 sime
295 291 504 340 percipere
523 295 566 327 et
582 291 813 327 meminisse
830 289 964 334 velim,
982 294 1029 327 ut
1046 301 1099 326 ne
1115 290 1159 326 in
1174 287 1365 326 libertate

179 359 223 392 et
251 354 382 392 salute
411 353 549 405 populi
579 353 749 392 Romani
778 352 1051 392 conservanda
1079 355 1365 391 auctoritatem

177 424 342 456 senatus
361 424 586 469 exspectes,
603 419 783 457 nondum
799 418 929 464 liberi,
946 431 999 456 ne
1017 423 1061 456 et
1077 423 1194 456 tuum
1211 416 1365 455 factum

175 483 420 521 condemnes
438 483 563 534 (nullo
583 486 692 521 enim
709 483 870 534 publico
889 482 1052 521 consilio
1074 475 1365 532 rempublicam

175 546 408 593 liberavisti,
428 561 508 599 quo
529 550 653 586 etiam
673 553 735 585 est
753 561 818 585 res
837 547 904 584 illa
922 549 1049 585 maior
1069 552 1112 585 et
1129 545 1302 597 clarior),
1322 549 1365 582 et

177 612 493 658 adulescentem,
515 612 579 650 vel
600 625 772 663 puerum
793 614 942 663 potius,
962 611 1191 656 Caesarem,
1213 609 1364 648 iudices

175 681 333 715 temere
352 676 510 723 fecisse,
532 679 601 728 qui
621 683 782 715 tantam
802 690 965 715 causam
983 675 1187 727 publicam
1206 676 1364 726 privato

176 740 338 780 consilio
369 744 591 792 susceperit
608 754 618 787 ;
663 742 839 793 denique
869 741 1050 780 homines
1079 742 1263 785 rusticos,
1293 737 1366 777 sed

176 805 412 844 fortissimos
439 809 544 844 viros
571 808 760 857 civesque
787 808 974 856 optimos,
1002 804 1215 843 dementes
1241 802 1366 841 fuisse

177 871 342 917 iudices,
356 873 532 922 primum
546 871 695 909 milites
710 876 938 916 veteranos,
953 869 1244 908 commilitones
1260 873 1365 912 tuos,

177 935 325 974 deinde
346 935 549 988 legionem
572 935 780 980 Martiam,
801 935 1004 986 legionem
1025 934 1239 983 Quartam,
1261 944 1366 984 quae

177 1013 295 1038 suum
307 1000 512 1039 consulem
524 1000 685 1039 hostem
696 1000 976 1038 iudicaverunt
989 1012 1115 1051 seque
1127 998 1181 1036 ad
1193 997 1367 1036 salutem

177 1065 421 1116 reipublicae
471 1065 774 1104 defendendam
823 1064 1096 1103 contulerunt.
1171 1062 1366 1101 Voluntas

179 1135 344 1168 senatus
362 1143 436 1181 pro
455 1133 699 1168 auctoritate
719 1129 859 1167 haberi
877 1129 1018 1174 debet,
1038 1141 1130 1167 cum
1148 1128 1366 1165 auctoritas

140 1202 161 1234 3
179 1195 399 1245 impeditur
422 1200 550 1233 metu.
601 1194 810 1232 Postremo
834 1199 1022 1244 suscepta
1044 1194 1119 1231 tibi
1143 1204 1264 1230 causa
1285 1193 1367 1228 iam

179 1260 239 1297 bis
260 1265 336 1305 est,
356 1265 402 1298 ut
421 1273 502 1297 non
520 1262 573 1297 sit
590 1262 809 1311 integrum,
827 1261 1002 1309 primum
1028 1258 1165 1296 Idibus
1193 1256 1366 1301 Martiis,

179 1324 327 1362 deinde
350 1327 546 1375 proxime,
571 1327 752 1362 exercitu
774 1337 877 1362 novo
902 1328 945 1362 et
967 1325 1089 1373 copiis
1113 1322 1366 1371 comparatis.

180 1389 455 1436 Quamobrem
469 1389 523 1427 ad
537 1391 671 1426 omnia
685 1391 745 1427 ita
757 1394 937 1439 paratus,
951 1390 1011 1426 ita
1025 1389 1226 1425 animatus
1242 1385 1367 1423 debes

182 1466 283 1498 esse,
301 1467 383 1491 non
401 1459 448 1492 ut
472 1453 571 1491 nihil
587 1453 724 1499 facias,
742 1456 817 1491 nisi
842 1456 984 1498 iussus,
1003 1451 1076 1490 sed
1100 1457 1148 1489 ut
1166 1463 1215 1488 ea
1236 1461 1367 1501 geras,

181 1530 287 1570 quae
301 1518 353 1555 ab
369 1519 553 1556 omnibus
567 1531 725 1556 summa
739 1531 831 1555 cum
846 1517 1111 1555 admiratione
1124 1514 1353 1552 laudentur.

231 1617 247 1633 ⁰
270 1613 303 1645 A
319 1612 447 1651 friend,
463 1612 535 1645 and
551 1612 703 1654 perhaps
720 1623 741 1644 a
759 1613 891 1653 leyatus
907 1612 949 1644 of
962 1611 1007 1643 D.
1026 1610 1167 1643 Brutus.

236 1656 248 1676 ὸ
272 1655 443 1689 Octavius
463 1665 535 1689 was
551 1658 613 1688 not
629 1666 726 1687 more
741 1654 828 1687 than
847 1654 1009 1695 eighteen
1032 1656 1070 1686 at
1090 1653 1160 1686 this
1180 1653 1284 1689 timez
1307 1649 1367 1683 the

191 1702 212 1716 ‘⁶
223 1697 345 1741 public
357 1698 620 1740 responsibility
632 1698 653 1711 ”
670 1708 741 1731 was
757 1697 811 1730 his
827 1697 973 1730 definite
984 1695 1143 1729 defiance
1155 1694 1196 1728 of
1207 1694 1365 1735 Antony,
1427 1695 1430 1698 '

189 1741 374 1783 including
396 1741 449 1774 his
473 1741 674 1774 enlistment
694 1740 735 1773 of
753 1740 814 1773 the
837 1751 918 1772 men
941 1738 1144 1772 mentioned
1167 1737 1291 1774 below,
1307 1736 1367 1769 the

185 1789 346 1818 veterans
377 1784 417 1818 of
450 1784 568 1817 Julius
599 1784 740 1821 Caesar,
770 1783 888 1816 whom
926 1782 972 1816 he
1000 1792 1082 1816 won
1113 1791 1197 1815 over
1225 1779 1301 1813 first
1328 1781 1366 1812 at

187 1827 326 1861 Calatia
340 1827 412 1861 and
428 1826 622 1861 Casilinum
638 1825 744 1870 (Vell.
762 1827 797 1859 ii.
815 1826 885 1868 61).

186 1990 262 2025 446
