<?xml version="1.0" encoding="UTF-8"?>
<!DOCTYPE html PUBLIC "-//W3C//DTD XHTML 1.0 Transitional//EN"
    "http://www.w3.org/TR/xhtml1/DTD/xhtml1-transitional.dtd">
<html xmlns="http://www.w3.org/1999/xhtml" xml:lang="en" lang="en">
 <head>
  <title>
</title>
<meta http-equiv="Content-Type" content="text/html;charset=utf-8" />
  <meta name='ocr-system' content='tesseract 3.04.00' />
  <meta name='ocr-capabilities' content='ocr_page ocr_carea ocr_par ocr_line ocrx_word'/>
</head>
<body>
  <div class='ocr_page' id='page_1' title='image "./letterstohisfrie02ciceuoft_0520.png"; bbox 0 0 1448 2236; ppageno 0'>
   <div class='ocr_carea' id='block_1_1' title="bbox 705 57 907 96">
    <p class='ocr_par' dir='ltr' id='par_1_1' title="bbox 705 57 907 96">
     <span class='ocr_line' id='line_1_1' title="bbox 705 57 907 96; baseline 0.005 -1"><span class='ocrx_word' id='word_1_1' title='bbox 705 57 907 96; x_wconf 84' lang='lat' dir='ltr'>CICERO</span> 
     </span>
    </p>
   </div>
   <div class='ocr_carea' id='block_1_2' title="bbox 169 158 1396 480">
    <p class='ocr_par' dir='ltr' id='par_1_2' title="bbox 169 158 1396 480">
     <span class='ocr_line' id='line_1_2' title="bbox 169 158 1395 211; baseline 0.005 -16"><span class='ocrx_word' id='word_1_2' title='bbox 169 162 190 194; x_wconf 88' lang='lat'>2</span> <span class='ocrx_word' id='word_1_3' title='bbox 206 163 338 209; x_wconf 88' lang='lat' dir='ltr'><strong>potes.</strong></span> <span class='ocrx_word' id='word_1_4' title='bbox 400 158 516 206; x_wconf 86' lang='lat' dir='ltr'><strong>Quae</strong></span> <span class='ocrx_word' id='word_1_5' title='bbox 552 160 626 198; x_wconf 90' lang='lat' dir='ltr'><strong>tibi</strong></span> <span class='ocrx_word' id='word_1_6' title='bbox 662 161 931 211; x_wconf 88' lang='lat' dir='ltr'><strong>superioribus</strong></span> <span class='ocrx_word' id='word_1_7' title='bbox 964 161 1111 200; x_wconf 85' lang='lat' dir='ltr'><strong>litteris</strong></span> <span class='ocrx_word' id='word_1_8' title='bbox 1145 174 1239 200; x_wconf 86' lang='lat' dir='ltr'><strong>mea</strong></span> <span class='ocrx_word' id='word_1_9' title='bbox 1273 175 1395 200; x_wconf 89' lang='lat' dir='ltr'><strong>manu</strong></span> 
     </span>
     <span class='ocr_line' id='line_1_3' title="bbox 208 213 1395 267; baseline 0.004 -18"><span class='ocrx_word' id='word_1_10' title='bbox 208 214 359 262; x_wconf 87' lang='lat' dir='ltr'><strong>scripsi,</strong></span> <span class='ocrx_word' id='word_1_11' title='bbox 392 213 572 251; x_wconf 88' lang='lat' dir='ltr'><strong>terrendi</strong></span> <span class='ocrx_word' id='word_1_12' title='bbox 605 216 666 252; x_wconf 88' lang='lat' dir='ltr'><strong>tui</strong></span> <span class='ocrx_word' id='word_1_13' title='bbox 698 227 819 252; x_wconf 89' lang='lat' dir='ltr'><strong>causa</strong></span> <span class='ocrx_word' id='word_1_14' title='bbox 850 214 1032 253; x_wconf 87' lang='lat' dir='ltr'><strong>homines</strong></span> <span class='ocrx_word' id='word_1_15' title='bbox 1063 215 1296 267; x_wconf 90' lang='lat' dir='ltr'><strong>loquuntur.</strong></span> <span class='ocrx_word' id='word_1_16' title='bbox 1353 214 1395 254; x_wconf 95' lang='lat' dir='ltr'><strong>Si</strong></span> 
     </span>
     <span class='ocr_line' id='line_1_4' title="bbox 207 264 1395 320; baseline 0.005 -18"><span class='ocrx_word' id='word_1_17' title='bbox 207 264 367 303; x_wconf 84' lang='lat' dir='ltr'><strong>frenum</strong></span> <span class='ocrx_word' id='word_1_18' title='bbox 386 267 661 313; x_wconf 85' lang='lat' dir='ltr'><strong>momorderis,</strong></span> <span class='ocrx_word' id='word_1_19' title='bbox 679 280 859 318; x_wconf 86' lang='lat' dir='ltr'><strong>peream,</strong></span> <span class='ocrx_word' id='word_1_20' title='bbox 877 271 910 306; x_wconf 92' lang='lat' dir='ltr'><strong>si</strong></span> <span class='ocrx_word' id='word_1_21' title='bbox 928 274 972 307; x_wconf 90' lang='lat' dir='ltr'><strong>te</strong></span> <span class='ocrx_word' id='word_1_22' title='bbox 994 282 1148 315; x_wconf 87' lang='lat' dir='ltr'><strong>omnes,</strong></span> <span class='ocrx_word' id='word_1_23' title='bbox 1166 274 1267 320; x_wconf 87' lang='lat' dir='ltr'><strong>quot</strong></span> <span class='ocrx_word' id='word_1_24' title='bbox 1287 274 1395 314; x_wconf 88' lang='lat' dir='ltr'><strong>sunt,</strong></span> 
     </span>
     <span class='ocr_line' id='line_1_5' title="bbox 208 320 1396 374; baseline 0.004 -18"><span class='ocrx_word' id='word_1_25' title='bbox 208 325 425 357; x_wconf 79' lang='lat' dir='ltr'><strong>conantem</strong></span> <span class='ocrx_word' id='word_1_26' title='bbox 449 320 559 371; x_wconf 93' lang='lat' dir='ltr'><strong>loqui</strong></span> <span class='ocrx_word' id='word_1_27' title='bbox 583 320 690 359; x_wconf 88' lang='lat' dir='ltr'><strong>ferre</strong></span> <span class='ocrx_word' id='word_1_28' title='bbox 714 327 922 372; x_wconf 86' lang='lat' dir='ltr'><strong>poterunt.</strong></span> <span class='ocrx_word' id='word_1_29' title='bbox 973 323 1075 374; x_wconf 87' lang='lat' dir='ltr'><strong>Ego,</strong></span> <span class='ocrx_word' id='word_1_30' title='bbox 1101 323 1175 361; x_wconf 91' lang='lat' dir='ltr'><strong>tibi</strong></span> <span class='ocrx_word' id='word_1_31' title='bbox 1201 328 1248 361; x_wconf 92' lang='lat' dir='ltr'><strong>ut</strong></span> <span class='ocrx_word' id='word_1_32' title='bbox 1272 328 1396 361; x_wconf 86' lang='lat' dir='ltr'><strong>antea</strong></span> 
     </span>
     <span class='ocr_line' id='line_1_6' title="bbox 208 373 1396 423; baseline 0.004 -13"><span class='ocrx_word' id='word_1_33' title='bbox 208 375 359 423; x_wconf 85' lang='lat' dir='ltr'><strong>scripsi,</strong></span> <span class='ocrx_word' id='word_1_34' title='bbox 376 373 473 411; x_wconf 92' lang='lat' dir='ltr'><strong>dum</strong></span> <span class='ocrx_word' id='word_1_35' title='bbox 489 374 587 412; x_wconf 90' lang='lat' dir='ltr'><strong>mihi</strong></span> <span class='ocrx_word' id='word_1_36' title='bbox 603 388 626 411; x_wconf 90' lang='lat' dir='ltr'><strong>a</strong></span> <span class='ocrx_word' id='word_1_37' title='bbox 642 380 686 412; x_wconf 92' lang='lat' dir='ltr'><strong>te</strong></span> <span class='ocrx_word' id='word_1_38' title='bbox 701 375 864 414; x_wconf 80' lang='lat' dir='ltr'><strong>litterae</strong></span> <span class='ocrx_word' id='word_1_39' title='bbox 880 378 1059 423; x_wconf 83' lang='lat' dir='ltr'><strong>veniant,</strong></span> <span class='ocrx_word' id='word_1_40' title='bbox 1073 379 1117 414; x_wconf 91' lang='lat' dir='ltr'><strong>in</strong></span> <span class='ocrx_word' id='word_1_41' title='bbox 1133 376 1253 415; x_wconf 87' lang='lat' dir='ltr'><strong>Italia</strong></span> <span class='ocrx_word' id='word_1_42' title='bbox 1267 389 1396 415; x_wconf 85' lang='lat' dir='ltr'><strong>mora-</strong></span> 
     </span>
     <span class='ocr_line' id='line_1_7' title="bbox 209 427 876 480; baseline 0.006 -16"><span class='ocrx_word' id='word_1_43' title='bbox 209 427 295 466; x_wconf 90' lang='lat' dir='ltr'><strong>bor.</strong></span> <span class='ocrx_word' id='word_1_44' title='bbox 346 439 419 465; x_wconf 88' lang='lat' dir='ltr'><strong>vn.</strong></span> <span class='ocrx_word' id='word_1_45' title='bbox 441 427 531 466; x_wconf 85' lang='lat' dir='ltr'><strong>Kal.</strong></span> <span class='ocrx_word' id='word_1_46' title='bbox 552 428 641 467; x_wconf 91' lang='lat' dir='ltr'><strong>Iun.</strong></span> <span class='ocrx_word' id='word_1_47' title='bbox 660 429 876 480; x_wconf 87' lang='lat' dir='ltr'><strong>Eporedia.</strong></span> 
     </span>
    </p>
   </div>
   <div class='ocr_carea' id='block_1_3' title="bbox 394 766 1226 812">
    <p class='ocr_par' dir='ltr' id='par_1_3' title="bbox 394 766 1226 812">
     <span class='ocr_line' id='line_1_8' title="bbox 394 766 1226 812; baseline 0.004 -3"><span class='ocrx_word' id='word_1_48' title='bbox 394 782 440 809; x_wconf 75' lang='lat' dir='ltr'><strong>m.</strong></span> <span class='ocrx_word' id='word_1_49' title='bbox 467 766 606 810; x_wconf 64' lang='lat' dir='ltr'><strong>emano</strong></span> <span class='ocrx_word' id='word_1_50' title='bbox 633 784 666 811; x_wconf 89' lang='lat' dir='ltr'><strong>s.</strong></span> <span class='ocrx_word' id='word_1_51' title='bbox 693 785 733 811; x_wconf 83' lang='lat' dir='ltr'><strong>n.</strong></span> <span class='ocrx_word' id='word_1_52' title='bbox 761 785 891 811; x_wconf 78' lang='lat' dir='ltr'><strong>Bnu&#39;ro</strong></span> <span class='ocrx_word' id='word_1_53' title='bbox 919 786 1006 812; x_wconf 74' lang='lat' dir='ltr'><strong>mr.</strong></span> <span class='ocrx_word' id='word_1_54' title='bbox 1033 786 1113 812; x_wconf 89' lang='lat' dir='ltr'><strong>cos.</strong></span> <span class='ocrx_word' id='word_1_55' title='bbox 1139 785 1226 812; x_wconf 76' lang='lat' dir='ltr'><strong>DES.</strong></span> 
     </span>
    </p>
   </div>
   <div class='ocr_carea' id='block_1_4' title="bbox 622 879 986 918">
    <p class='ocr_par' dir='ltr' id='par_1_4' title="bbox 622 879 986 918">
     <span class='ocr_line' id='line_1_9' title="bbox 622 879 986 918; baseline 0.003 -7"><span class='ocrx_word' id='word_1_56' title='bbox 622 879 768 918; x_wconf 86' lang='lat' dir='ltr'><strong>Romae,</strong></span> <span class='ocrx_word' id='word_1_57' title='bbox 785 890 891 913; x_wconf 74' lang='lat' dir='ltr'><strong>A.u.c.</strong></span> <span class='ocrx_word' id='word_1_58' title='bbox 909 882 986 913; x_wconf 80' lang='lat'>711.</span> 
     </span>
    </p>
   </div>
   <div class='ocr_carea' id='block_1_5' title="bbox 168 961 1448 1653">
    <p class='ocr_par' dir='ltr' id='par_1_5' title="bbox 169 961 1448 1492">
     <span class='ocr_line' id='line_1_10' title="bbox 169 961 1396 1002; baseline 0.002 -3"><span class='ocrx_word' id='word_1_59' title='bbox 169 967 186 999; x_wconf 93' lang='lat' dir='ltr'><strong>l</strong></span> <span class='ocrx_word' id='word_1_60' title='bbox 259 961 386 1000; x_wconf 85' lang='lat' dir='ltr'><strong>Narro</strong></span> <span class='ocrx_word' id='word_1_61' title='bbox 415 963 517 1001; x_wconf 82' lang='lat' dir='ltr'><strong>tibi:</strong></span> <span class='ocrx_word' id='word_1_62' title='bbox 559 969 683 1001; x_wconf 85' lang='lat' dir='ltr'><strong>antea</strong></span> <span class='ocrx_word' id='word_1_63' title='bbox 711 964 987 1002; x_wconf 85' lang='lat' dir='ltr'><strong>subirascebar</strong></span> <span class='ocrx_word' id='word_1_64' title='bbox 1014 965 1205 1002; x_wconf 81' lang='lat' dir='ltr'><strong>brevitati</strong></span> <span class='ocrx_word' id='word_1_65' title='bbox 1232 969 1396 1002; x_wconf 89' lang='lat' dir='ltr'><strong>tuarum</strong></span> 
     </span>
     <span class='ocr_line' id='line_1_11' title="bbox 207 1015 1396 1069; baseline 0.002 -16"><span class='ocrx_word' id='word_1_66' title='bbox 207 1015 449 1062; x_wconf 87' lang='lat' dir='ltr'><strong>litterarum,</strong></span> <span class='ocrx_word' id='word_1_67' title='bbox 473 1030 578 1055; x_wconf 89' lang='lat' dir='ltr'><strong>nunc</strong></span> <span class='ocrx_word' id='word_1_68' title='bbox 601 1017 698 1055; x_wconf 89' lang='lat' dir='ltr'><strong>mihi</strong></span> <span class='ocrx_word' id='word_1_69' title='bbox 721 1017 869 1068; x_wconf 87' lang='lat' dir='ltr'><strong>loquax</strong></span> <span class='ocrx_word' id='word_1_70' title='bbox 894 1030 982 1056; x_wconf 89' lang='lat' dir='ltr'><strong>esse</strong></span> <span class='ocrx_word' id='word_1_71' title='bbox 1004 1018 1168 1063; x_wconf 83' lang='lat' dir='ltr'><strong>videor3</strong></span> <span class='ocrx_word' id='word_1_72' title='bbox 1206 1023 1251 1056; x_wconf 88' lang='lat' dir='ltr'><strong>te</strong></span> <span class='ocrx_word' id='word_1_73' title='bbox 1272 1020 1396 1069; x_wconf 87' lang='lat' dir='ltr'><strong>igitur</strong></span> 
     </span>
     <span class='ocr_line' id='line_1_12' title="bbox 207 1070 1395 1122; baseline 0.001 -15"><span class='ocrx_word' id='word_1_74' title='bbox 207 1070 408 1108; x_wconf 85' lang='lat' dir='ltr'><strong>imitabor.</strong></span> <span class='ocrx_word' id='word_1_75' title='bbox 449 1071 583 1118; x_wconf 84' lang='lat' dir='ltr'><strong>Quam</strong></span> <span class='ocrx_word' id='word_1_76' title='bbox 595 1071 725 1108; x_wconf 90' lang='lat' dir='ltr'><strong>multa</strong></span> <span class='ocrx_word' id='word_1_77' title='bbox 738 1084 860 1122; x_wconf 89' lang='lat' dir='ltr'><strong>quam</strong></span> <span class='ocrx_word' id='word_1_78' title='bbox 873 1074 1010 1122; x_wconf 85' lang='lat' dir='ltr'><strong>paucis</strong></span> <span class='ocrx_word' id='word_1_79' title='bbox 1029 1071 1037 1109; x_wconf 73' lang='grc' dir='ltr'><strong>Ξ</strong></span> <span class='ocrx_word' id='word_1_80' title='bbox 1065 1077 1110 1109; x_wconf 90' lang='lat' dir='ltr'><strong>te</strong></span> <span class='ocrx_word' id='word_1_81' title='bbox 1122 1076 1235 1110; x_wconf 89' lang='lat' dir='ltr'><strong>recte</strong></span> <span class='ocrx_word' id='word_1_82' title='bbox 1246 1071 1395 1116; x_wconf 88' lang='lat' dir='ltr'><strong>valere,</strong></span> 
     </span>
     <span class='ocr_line' id='line_1_13' title="bbox 207 1124 1395 1175; baseline 0.002 -15"><span class='ocrx_word' id='word_1_83' title='bbox 207 1135 454 1174; x_wconf 87' lang='lat' dir='ltr'><strong>operamque</strong></span> <span class='ocrx_word' id='word_1_84' title='bbox 473 1124 584 1170; x_wconf 87' lang='lat' dir='ltr'><strong>dare,</strong></span> <span class='ocrx_word' id='word_1_85' title='bbox 603 1130 650 1162; x_wconf 91' lang='lat' dir='ltr'><strong>ut</strong></span> <span class='ocrx_word' id='word_1_86' title='bbox 668 1125 849 1175; x_wconf 82' lang='lat' dir='ltr'><strong>quotidie</strong></span> <span class='ocrx_word' id='word_1_87' title='bbox 867 1125 1010 1163; x_wconf 89' lang='lat' dir='ltr'><strong>melius</strong></span> <span class='ocrx_word' id='word_1_88' title='bbox 1027 1137 1037 1170; x_wconf 91' lang='grc'>;</span> <span class='ocrx_word' id='word_1_89' title='bbox 1071 1124 1272 1175; x_wconf 89' lang='lat' dir='ltr'><strong>Lepidum</strong></span> <span class='ocrx_word' id='word_1_90' title='bbox 1289 1138 1395 1162; x_wconf 92' lang='lat' dir='ltr'><strong>com—</strong></span> 
     </span>
     <span class='ocr_line' id='line_1_14' title="bbox 207 1177 1395 1230; baseline 0.001 -16"><span class='ocrx_word' id='word_1_91' title='bbox 207 1177 326 1215; x_wconf 88' lang='lat' dir='ltr'><strong>mode</strong></span> <span class='ocrx_word' id='word_1_92' title='bbox 342 1180 492 1215; x_wconf 88' lang='lat' dir='ltr'><strong>sentire</strong></span> <span class='ocrx_word' id='word_1_93' title='bbox 511 1191 520 1222; x_wconf 93' lang='grc'>;</span> <span class='ocrx_word' id='word_1_94' title='bbox 549 1179 677 1216; x_wconf 90' lang='lat' dir='ltr'><strong>tribus</strong></span> <span class='ocrx_word' id='word_1_95' title='bbox 694 1179 936 1216; x_wconf 85' lang='lat' dir='ltr'><strong>exercitibus</strong></span> <span class='ocrx_word' id='word_1_96' title='bbox 951 1178 1107 1230; x_wconf 87' lang='lat' dir='ltr'><strong>quidvis</strong></span> <span class='ocrx_word' id='word_1_97' title='bbox 1122 1191 1193 1216; x_wconf 89' lang='lat' dir='ltr'><strong>nos</strong></span> <span class='ocrx_word' id='word_1_98' title='bbox 1208 1183 1395 1228; x_wconf 89' lang='lat' dir='ltr'><strong>oportere</strong></span> 
     </span>
     <span class='ocr_line' id='line_1_15' title="bbox 206 1230 1448 1282; baseline -0.001 -14"><span class='ocrx_word' id='word_1_99' title='bbox 206 1230 422 1269; x_wconf 89' lang='lat' dir='ltr'><strong>confidere.</strong></span> <span class='ocrx_word' id='word_1_100' title='bbox 464 1231 504 1269; x_wconf 92' lang='lat' dir='ltr'><strong>Si</strong></span> <span class='ocrx_word' id='word_1_101' title='bbox 521 1232 685 1270; x_wconf 89' lang='lat' dir='ltr'><strong>timidus</strong></span> <span class='ocrx_word' id='word_1_102' title='bbox 703 1245 846 1278; x_wconf 89' lang='lat' dir='ltr'><strong>essem,</strong></span> <span class='ocrx_word' id='word_1_103' title='bbox 862 1237 1004 1270; x_wconf 89' lang='lat' dir='ltr'><strong>tamen</strong></span> <span class='ocrx_word' id='word_1_104' title='bbox 1017 1234 1096 1270; x_wconf 89' lang='lat' dir='ltr'><strong>ista</strong></span> <span class='ocrx_word' id='word_1_105' title='bbox 1112 1231 1282 1282; x_wconf 89' lang='lat' dir='ltr'><strong>epistola</strong></span> <span class='ocrx_word' id='word_1_106' title='bbox 1296 1231 1394 1269; x_wconf 92' lang='lat' dir='ltr'><strong>mihi</strong></span> <span class='ocrx_word' id='word_1_107' title='bbox 1444 1262 1448 1266; x_wconf 93' lang='lat'>.</span> 
     </span>
     <span class='ocr_line' id='line_1_16' title="bbox 207 1284 1448 1336; baseline 0 -14"><span class='ocrx_word' id='word_1_108' title='bbox 207 1297 369 1322; x_wconf 89' lang='lat' dir='ltr'><strong>omnem</strong></span> <span class='ocrx_word' id='word_1_109' title='bbox 388 1291 546 1323; x_wconf 91' lang='lat' dir='ltr'><strong>metum</strong></span> <span class='ocrx_word' id='word_1_110' title='bbox 566 1286 834 1324; x_wconf 89' lang='lat' dir='ltr'><strong>abstersisses.</strong></span> <span class='ocrx_word' id='word_1_111' title='bbox 881 1285 975 1331; x_wconf 90' lang='lat' dir='ltr'><strong>Sed,</strong></span> <span class='ocrx_word' id='word_1_112' title='bbox 995 1291 1043 1324; x_wconf 93' lang='lat' dir='ltr'><strong>ut</strong></span> <span class='ocrx_word' id='word_1_113' title='bbox 1062 1298 1215 1331; x_wconf 90' lang='lat' dir='ltr'><strong>mones,</strong></span> <span class='ocrx_word' id='word_1_114' title='bbox 1234 1284 1395 1323; x_wconf 85' lang='lat' dir='ltr'><strong>frenum</strong></span> <span class='ocrx_word' id='word_1_115' title='bbox 1444 1300 1448 1336; x_wconf 62' lang='grc' dir='ltr'>ς</span> 
     </span>
     <span class='ocr_line' id='line_1_17' title="bbox 206 1338 1448 1390; baseline 0.002 -16"><span class='ocrx_word' id='word_1_116' title='bbox 206 1338 401 1376; x_wconf 89' lang='lat' dir='ltr'><strong>momordi</strong></span> <span class='ocrx_word' id='word_1_117' title='bbox 421 1351 430 1384; x_wconf 90' lang='lat'>;</span> <span class='ocrx_word' id='word_1_118' title='bbox 485 1342 638 1377; x_wconf 89' lang='lat' dir='ltr'><strong>etenim</strong></span> <span class='ocrx_word' id='word_1_119' title='bbox 675 1342 758 1390; x_wconf 89' lang='lat' dir='ltr'><strong>qui,</strong></span> <span class='ocrx_word' id='word_1_120' title='bbox 796 1345 840 1377; x_wconf 91' lang='lat' dir='ltr'><strong>te</strong></span> <span class='ocrx_word' id='word_1_121' title='bbox 877 1339 1042 1384; x_wconf 90' lang='lat' dir='ltr'><strong>incluso,</strong></span> <span class='ocrx_word' id='word_1_122' title='bbox 1081 1352 1243 1377; x_wconf 91' lang='lat' dir='ltr'><strong>omnem</strong></span> <span class='ocrx_word' id='word_1_123' title='bbox 1280 1351 1395 1389; x_wconf 91' lang='lat' dir='ltr'><strong>spem</strong></span> <span class='ocrx_word' id='word_1_124' title='bbox 1444 1342 1448 1363; x_wconf 77' lang='lat'>³</span> 
     </span>
     <span class='ocr_line' id='line_1_18' title="bbox 206 1390 1448 1444; baseline 0.001 -15"><span class='ocrx_word' id='word_1_125' title='bbox 206 1390 418 1429; x_wconf 87' lang='lat' dir='ltr'><strong>habuerim</strong></span> <span class='ocrx_word' id='word_1_126' title='bbox 431 1395 474 1429; x_wconf 91' lang='lat' dir='ltr'><strong>in</strong></span> <span class='ocrx_word' id='word_1_127' title='bbox 486 1398 544 1438; x_wconf 90' lang='lat' dir='ltr'><strong>te,</strong></span> <span class='ocrx_word' id='word_1_128' title='bbox 559 1393 657 1443; x_wconf 92' lang='lat' dir='ltr'><strong>quid</strong></span> <span class='ocrx_word' id='word_1_129' title='bbox 670 1406 776 1431; x_wconf 86' lang='lat' dir='ltr'><strong>nunc</strong></span> <span class='ocrx_word' id='word_1_130' title='bbox 789 1398 910 1443; x_wconf 89' lang='lat' dir='ltr'><strong>putas</strong></span> <span class='ocrx_word' id='word_1_131' title='bbox 927 1394 942 1430; x_wconf 92' lang='lat'>?</span> <span class='ocrx_word' id='word_1_132' title='bbox 983 1392 1111 1444; x_wconf 90' lang='lat' dir='ltr'><strong>Cupio</strong></span> <span class='ocrx_word' id='word_1_133' title='bbox 1125 1395 1205 1430; x_wconf 89' lang='lat' dir='ltr'><strong>iam</strong></span> <span class='ocrx_word' id='word_1_134' title='bbox 1219 1392 1395 1444; x_wconf 83' lang='lat' dir='ltr'><strong>vigiliam</strong></span> <span class='ocrx_word' id='word_1_135' title='bbox 1443 1393 1448 1417; x_wconf 49' lang='grc' dir='ltr'>ἕ</span> 
     </span>
     <span class='ocr_line' id='line_1_19' title="bbox 206 1445 1396 1492; baseline 0.002 -10"><span class='ocrx_word' id='word_1_136' title='bbox 206 1458 354 1490; x_wconf 89' lang='lat' dir='ltr'><strong>meam,</strong></span> <span class='ocrx_word' id='word_1_137' title='bbox 385 1445 526 1491; x_wconf 89' lang='lat' dir='ltr'><strong>Brute,</strong></span> <span class='ocrx_word' id='word_1_138' title='bbox 557 1447 632 1484; x_wconf 91' lang='lat' dir='ltr'><strong>tibi</strong></span> <span class='ocrx_word' id='word_1_139' title='bbox 663 1447 854 1492; x_wconf 79' lang='lat' dir='ltr'><strong>tradere3</strong></span> <span class='ocrx_word' id='word_1_140' title='bbox 899 1446 972 1485; x_wconf 91' lang='lat' dir='ltr'><strong>sed</strong></span> <span class='ocrx_word' id='word_1_141' title='bbox 1002 1449 1074 1491; x_wconf 87' lang='lat' dir='ltr'><strong>ita,</strong></span> <span class='ocrx_word' id='word_1_142' title='bbox 1105 1452 1153 1484; x_wconf 91' lang='lat' dir='ltr'><strong>ut</strong></span> <span class='ocrx_word' id='word_1_143' title='bbox 1182 1459 1236 1484; x_wconf 90' lang='lat' dir='ltr'><strong>ne</strong></span> <span class='ocrx_word' id='word_1_144' title='bbox 1267 1445 1396 1484; x_wconf 59' lang='lat' dir='ltr'><strong>desim</strong></span> 
     </span>
    </p>

    <p class='ocr_par' dir='ltr' id='par_1_6' title="bbox 168 1500 1396 1653">
     <span class='ocr_line' id='line_1_20' title="bbox 168 1500 1395 1548; baseline 0.002 -13"><span class='ocrx_word' id='word_1_145' title='bbox 168 1503 189 1535; x_wconf 86' lang='lat'>2</span> <span class='ocrx_word' id='word_1_146' title='bbox 207 1501 460 1537; x_wconf 86' lang='lat' dir='ltr'><strong>constantiae</strong></span> <span class='ocrx_word' id='word_1_147' title='bbox 484 1513 615 1538; x_wconf 89' lang='lat' dir='ltr'><strong>meae.</strong></span> <span class='ocrx_word' id='word_1_148' title='bbox 667 1500 787 1548; x_wconf 83' lang='lat' dir='ltr'><strong>Quod</strong></span> <span class='ocrx_word' id='word_1_149' title='bbox 811 1501 963 1546; x_wconf 88' lang='lat' dir='ltr'><strong>scribis,</strong></span> <span class='ocrx_word' id='word_1_150' title='bbox 986 1502 1030 1538; x_wconf 88' lang='lat' dir='ltr'><strong>in</strong></span> <span class='ocrx_word' id='word_1_151' title='bbox 1055 1500 1174 1538; x_wconf 85' lang='lat' dir='ltr'><strong>Italia</strong></span> <span class='ocrx_word' id='word_1_152' title='bbox 1198 1505 1242 1538; x_wconf 91' lang='lat' dir='ltr'><strong>te</strong></span> <span class='ocrx_word' id='word_1_153' title='bbox 1266 1512 1395 1537; x_wconf 90' lang='lat' dir='ltr'><strong>mora-</strong></span> 
     </span>
     <span class='ocr_line' id='line_1_21' title="bbox 206 1552 1396 1604; baseline 0.001 -15"><span class='ocrx_word' id='word_1_154' title='bbox 206 1557 358 1598; x_wconf 85' lang='lat' dir='ltr'><strong>turum,</strong></span> <span class='ocrx_word' id='word_1_155' title='bbox 376 1552 474 1591; x_wconf 92' lang='lat' dir='ltr'><strong>dum</strong></span> <span class='ocrx_word' id='word_1_156' title='bbox 491 1553 567 1591; x_wconf 85' lang='lat' dir='ltr'><strong>tibi</strong></span> <span class='ocrx_word' id='word_1_157' title='bbox 583 1553 747 1592; x_wconf 88' lang='lat' dir='ltr'><strong>litterae</strong></span> <span class='ocrx_word' id='word_1_158' title='bbox 765 1567 882 1592; x_wconf 90' lang='lat' dir='ltr'><strong>meae</strong></span> <span class='ocrx_word' id='word_1_159' title='bbox 899 1556 1079 1599; x_wconf 80' lang='lat' dir='ltr'><strong>veniant,</strong></span> <span class='ocrx_word' id='word_1_160' title='bbox 1095 1556 1129 1592; x_wconf 91' lang='lat' dir='ltr'><strong>si</strong></span> <span class='ocrx_word' id='word_1_161' title='bbox 1146 1566 1220 1604; x_wconf 88' lang='lat' dir='ltr'><strong>per</strong></span> <span class='ocrx_word' id='word_1_162' title='bbox 1236 1552 1396 1591; x_wconf 87' lang='lat' dir='ltr'><strong>hostem</strong></span> 
     </span>
     <span class='ocr_line' id='line_1_22' title="bbox 207 1605 1395 1653; baseline 0 -10"><span class='ocrx_word' id='word_1_163' title='bbox 207 1605 316 1651; x_wconf 84' lang='lat' dir='ltr'><strong>licet,</strong></span> <span class='ocrx_word' id='word_1_164' title='bbox 337 1619 418 1644; x_wconf 91' lang='lat' dir='ltr'><strong>non</strong></span> <span class='ocrx_word' id='word_1_165' title='bbox 439 1609 580 1644; x_wconf 87' lang='lat' dir='ltr'><strong>erraris</strong></span> <span class='ocrx_word' id='word_1_166' title='bbox 598 1619 608 1652; x_wconf 91' lang='lat'>;</span> <span class='ocrx_word' id='word_1_167' title='bbox 643 1607 772 1645; x_wconf 89' lang='lat' dir='ltr'><strong>multa</strong></span> <span class='ocrx_word' id='word_1_168' title='bbox 793 1610 900 1645; x_wconf 90' lang='lat' dir='ltr'><strong>enim</strong></span> <span class='ocrx_word' id='word_1_169' title='bbox 921 1607 1074 1645; x_wconf 85' lang='lat' dir='ltr'><strong>Romae</strong></span> <span class='ocrx_word' id='word_1_170' title='bbox 1091 1619 1102 1653; x_wconf 89' lang='grc'><strong>;</strong></span> <span class='ocrx_word' id='word_1_171' title='bbox 1136 1609 1199 1645; x_wconf 89' lang='lat' dir='ltr'><strong>sin</strong></span> <span class='ocrx_word' id='word_1_172' title='bbox 1217 1606 1395 1646; x_wconf 84' lang='lat' dir='ltr'><strong>adventu</strong></span> 
     </span>
    </p>
   </div>
   <div class='ocr_carea' id='block_1_6' title="bbox 214 1748 1426 1879">
    <p class='ocr_par' dir='ltr' id='par_1_7' title="bbox 214 1748 1426 1879">
     <span class='ocr_line' id='line_1_23' title="bbox 262 1748 1394 1794; baseline -0.001 -11"><span class='ocrx_word' id='word_1_173' title='bbox 262 1756 277 1771; x_wconf 79' lang='lat'><strong>⁰</strong></span> <span class='ocrx_word' id='word_1_174' title='bbox 300 1751 368 1789; x_wconf 78' lang='lat' dir='ltr'><strong>i.e.,</strong></span> <span class='ocrx_word' id='word_1_175' title='bbox 394 1751 457 1784; x_wconf 89' lang='lat' dir='ltr'><strong>“if</strong></span> <span class='ocrx_word' id='word_1_176' title='bbox 477 1763 547 1793; x_wconf 91' lang='lat' dir='ltr'><strong>you</strong></span> <span class='ocrx_word' id='word_1_177' title='bbox 571 1750 657 1794; x_wconf 84' lang='lat' dir='ltr'><strong>defy</strong></span> <span class='ocrx_word' id='word_1_178' title='bbox 677 1751 786 1790; x_wconf 84' lang='lat' dir='ltr'><strong>them,</strong></span> <span class='ocrx_word' id='word_1_179' title='bbox 804 1750 875 1784; x_wconf 88' lang='lat' dir='ltr'><strong>and</strong></span> <span class='ocrx_word' id='word_1_180' title='bbox 891 1761 939 1792; x_wconf 87' lang='lat' dir='ltr'><strong>go</strong></span> <span class='ocrx_word' id='word_1_181' title='bbox 959 1762 1050 1794; x_wconf 87' lang='lat' dir='ltr'><strong>your</strong></span> <span class='ocrx_word' id='word_1_182' title='bbox 1071 1761 1150 1784; x_wconf 88' lang='lat' dir='ltr'><strong>own</strong></span> <span class='ocrx_word' id='word_1_183' title='bbox 1171 1749 1288 1793; x_wconf 85' lang='lat' dir='ltr'><strong>way.”</strong></span> <span class='ocrx_word' id='word_1_184' title='bbox 1337 1748 1394 1791; x_wconf 81' lang='lat' dir='ltr'><strong>Cf.</strong></span> 
     </span>
     <span class='ocr_line' id='line_1_24' title="bbox 216 1793 1394 1836; baseline -0.001 -9"><span class='ocrx_word' id='word_1_185' title='bbox 216 1793 361 1832; x_wconf 84' lang='lat' dir='ltr'><strong>Seneca,</strong></span> <span class='ocrx_word' id='word_1_186' title='bbox 387 1794 585 1836; x_wconf 78' lang='lat' dir='ltr'><strong>Tranquill.</strong></span> <span class='ocrx_word' id='word_1_187' title='bbox 609 1805 668 1827; x_wconf 75' lang='lat' dir='ltr'><strong>an.</strong></span> <span class='ocrx_word' id='word_1_188' title='bbox 692 1806 747 1828; x_wconf 88' lang='lat' dir='ltr'><strong>xv.</strong></span> <span class='ocrx_word' id='word_1_189' title='bbox 771 1797 786 1826; x_wconf 95' lang='grc'>1</span> <span class='ocrx_word' id='word_1_190' title='bbox 812 1793 1007 1827; x_wconf 85' lang='lat' dir='ltr'><strong>“mordeat</strong></span> <span class='ocrx_word' id='word_1_191' title='bbox 1028 1795 1147 1827; x_wconf 77' lang='lat' dir='ltr'><strong>frenos</strong></span> <span class='ocrx_word' id='word_1_192' title='bbox 1169 1796 1204 1826; x_wconf 86' lang='lat' dir='ltr'><strong>et</strong></span> <span class='ocrx_word' id='word_1_193' title='bbox 1226 1795 1394 1827; x_wconf 85' lang='lat' dir='ltr'><strong>rectorem</strong></span> 
     </span>
     <span class='ocr_line' id='line_1_25' title="bbox 214 1837 1426 1879; baseline 0.002 -10"><span class='ocrx_word' id='word_1_194' title='bbox 214 1838 331 1879; x_wconf 81' lang='lat' dir='ltr'><strong>rapiat</strong></span> <span class='ocrx_word' id='word_1_195' title='bbox 347 1837 491 1876; x_wconf 88' lang='lat' dir='ltr'><strong>suum‚&#39;’</strong></span> <span class='ocrx_word' id='word_1_196' title='bbox 507 1837 579 1870; x_wconf 80' lang='lat' dir='ltr'><strong>and</strong></span> <span class='ocrx_word' id='word_1_197' title='bbox 595 1837 724 1870; x_wconf 88' lang='lat' dir='ltr'><strong>Aesch.</strong></span> <span class='ocrx_word' id='word_1_198' title='bbox 740 1837 784 1870; x_wconf 90' lang='lat' dir='ltr'><strong>P.</strong></span> <span class='ocrx_word' id='word_1_199' title='bbox 795 1837 834 1870; x_wconf 93' lang='lat' dir='ltr'><strong>V.</strong></span> <span class='ocrx_word' id='word_1_200' title='bbox 855 1839 952 1876; x_wconf 86' lang='lat'><strong>1009,</strong></span> <span class='ocrx_word' id='word_1_201' title='bbox 1423 1838 1426 1841; x_wconf 82' lang='lat'>&#39;</span> 
     </span>
    </p>
   </div>
   <div class='ocr_carea' id='block_1_7' title="bbox 464 1897 1182 1982">
    <p class='ocr_par' dir='ltr' id='par_1_8' title="bbox 464 1897 1182 1982">
     <span class='ocr_line' id='line_1_26' title="bbox 658 1897 1182 1938; baseline 0 -10"><span class='ocrx_word' id='word_1_202' title='bbox 658 1899 761 1929; x_wconf 83' lang='grc' dir='ltr'><strong><em>δακὼν</em></strong></span> <span class='ocrx_word' id='word_1_203' title='bbox 779 1898 813 1928; x_wconf 82' lang='grc' dir='ltr'><strong>δὲ</strong></span> <span class='ocrx_word' id='word_1_204' title='bbox 829 1898 961 1935; x_wconf 79' lang='grc' dir='ltr'>στόμιον</span> <span class='ocrx_word' id='word_1_205' title='bbox 977 1898 1017 1929; x_wconf 81' lang='grc' dir='ltr'><strong>ὡς</strong></span> <span class='ocrx_word' id='word_1_206' title='bbox 1033 1897 1182 1938; x_wconf 70' lang='grc' dir='ltr'><strong>νεοζυγὴς</strong></span> 
     </span>
     <span class='ocr_line' id='line_1_27' title="bbox 464 1941 1112 1982; baseline 0.003 -11"><span class='ocrx_word' id='word_1_207' title='bbox 464 1942 569 1973; x_wconf 83' lang='grc' dir='ltr'>πῶλος</span> <span class='ocrx_word' id='word_1_208' title='bbox 592 1941 696 1981; x_wconf 68' lang='grc' dir='ltr'>βιάζει</span> <span class='ocrx_word' id='word_1_209' title='bbox 720 1942 772 1973; x_wconf 85' lang='grc' dir='ltr'><strong>καὶ</strong></span> <span class='ocrx_word' id='word_1_210' title='bbox 795 1941 871 1982; x_wconf 82' lang='grc' dir='ltr'><strong><em>πρὸς</em></strong></span> <span class='ocrx_word' id='word_1_211' title='bbox 894 1941 981 1979; x_wconf 82' lang='grc' dir='ltr'>ἡνίας</span> <span class='ocrx_word' id='word_1_212' title='bbox 1003 1941 1112 1980; x_wconf 82' lang='grc' dir='ltr'>μάχει.</span> 
     </span>
    </p>
   </div>
   <div class='ocr_carea' id='block_1_8' title="bbox 209 1994 287 2035">
    <p class='ocr_par' dir='ltr' id='par_1_9' title="bbox 209 1994 287 2035">
     <span class='ocr_line' id='line_1_28' title="bbox 209 1994 287 2035; baseline 0 0"><span class='ocrx_word' id='word_1_213' title='bbox 209 1994 287 2035; x_wconf 84' lang='lat'><strong>490</strong></span> 
     </span>
    </p>
   </div>
  </div>
 </body>
</html>
