1448 2236
653 44 854 84 CICERO

683 148 827 187 XXIII

537 238 676 264 CICERO
704 240 866 266 PAPIRIO
893 241 1018 268 PAETO

552 305 595 337 In
611 304 784 345 Cumano,
801 317 907 340 ΔΑΜ).
925 309 1002 342 708.

234 359 335 400 Heri
361 365 454 402 veni
481 366 523 402 in
551 364 791 412 Cumanum,
810 380 896 404 cras
925 367 977 405 ad
1005 373 1050 406 te
1074 367 1258 407 fortasse.
1287 368 1367 408 Sed
1436 357 1448 396 ἕ

180 429 273 453 cum
295 423 452 455 certum
474 420 611 464 sciam,
632 418 779 458 faciam
800 426 845 459 te
865 422 1000 472 paullo
1023 428 1119 461 ante
1140 425 1366 461 certiorem.
1437 416 1448 473 J

181 469 270 507 Etsi
308 470 369 509 M.
407 471 640 522 Caeparius,
677 487 780 512 eum·
804 475 902 512 mihi
937 478 980 513 in
1015 476 1114 514 silva
1150 476 1368 514 Gallinaria
1434 457 1448 531 ἕ

181 524 341 562 obviam
367 528 558 572 venisset,
587 530 928 579 quaesissemque,
956 530 1054 581 quid
1081 543 1237 581 ageres,
1264 531 1367 569 dixit
1436 532 1448 562 1

179 582 224 616 te
252 580 295 616 in
322 578 429 618 lecto
461 593 562 626 esse,
593 582 701 632 quod
731 595 782 621 ex
810 583 982 633 pedibus
1010 583 1225 623 laborares.
1276 584 1366 622 Tuli

179 631 332 671 scilicet
349 633 535 680 moleste,
555 641 602 673 ut
621 635 744 674 debui
762 649 772 682 3
801 637 874 675 sed
893 643 1033 676 tamen
1046 639 1237 676 constitui
1252 638 1305 676 ad
1322 643 1366 676 te
1435 686 1439 687 ⁷

178 688 330 732 venire,
345 692 392 725 ut
409 693 452 726 et
466 689 647 727 viderem
661 695 705 728 te
722 695 765 728 et
779 693 951 729 viserem
966 697 1009 730 et
1024 705 1212 730 cenarem
1226 694 1365 730 etiam.
1434 691 1438 706 ³

178 739 271 778 Non
308 743 416 778 enim
453 743 625 782 arbitror
660 757 834 795 coquum
871 747 996 783 etiam
1032 751 1076 784 te
1113 745 1365 784 arthriticum

178 792 343 833 habere.
395 795 602 846 Exspecta
618 799 743 848 igitur
759 798 961 850 hospitem
979 813 1071 837 cum
1087 801 1253 838 minime
1271 799 1366 838 eda-
1433 811 1436 812 ’

177 861 281 894 cem,
299 854 389 886 tum
406 851 611 888 inimicum
629 855 738 890 cenis
756 855 1013 903 sumptuosis.

691 963 830 1003 XXIV

627 1055 766 1080 CICERO
792 1055 918 1082 PAETO

590 1119 737 1160 Romae,
753 1132 860 1155 A.u.c.
877 1124 955 1156 711.

137 1184 156 1219 1
226 1177 378 1217 Rufum
404 1182 542 1226 istum,
569 1183 742 1219 amicum
768 1187 899 1228 tuum,
925 1183 977 1221 de
1003 1196 1084 1234 quo
1108 1185 1256 1222 iterum
1279 1186 1361 1222 iam

176 1232 228 1270 ad
250 1246 317 1271 me
341 1235 491 1279 scribis,
516 1234 762 1281 adiuvarem,
786 1242 984 1286 quantum
1005 1251 1179 1288 possem,
1203 1240 1361 1276 etiamsi

175 1287 227 1324 ab
247 1300 295 1325 eo
313 1287 445 1325 laesus
465 1301 609 1334 essem,
628 1302 720 1327 cum
738 1295 782 1327 te
800 1295 918 1328 tanto
936 1304 1059 1341 opere
1077 1292 1256 1330 viderem
1276 1294 1360 1330 eius

173 1353 294 1378 causa
317 1341 527 1388 laborare;
567 1356 659 1380 cum
683 1356 779 1381 vero
805 1349 849 1382 et
873 1357 925 1382 ex
949 1347 1030 1383 tuis
1054 1345 1214 1391 litteris,
1240 1351 1284 1384 et
1309 1359 1360 1384 ex

173 1394 276 1432 illius
308 1395 361 1433 ad
388 1409 456 1433 me
485 1398 614 1434 missis
643 1397 880 1448 intellegam
911 1403 955 1437 et
983 1398 1157 1437 iudicem
1186 1412 1360 1451 magnae

173 1461 293 1487 curae
322 1451 361 1487 ei
387 1449 562 1488 salutem
589 1463 723 1489 meam
751 1450 888 1498 fuisse,
915 1465 996 1490 non
1022 1466 1186 1503 possum
1215 1456 1252 1492 ei
1279 1467 1359 1492 non

173 1504 324 1540 amicus
347 1516 448 1549 esse,
470 1517 605 1555 neque
626 1505 754 1543 solum
775 1511 849 1543 tua
869 1507 1233 1553 commendatione,
1255 1521 1360 1558 quae

171 1565 1363 1578 Ἣ

221 1586 236 1601 ⁶
261 1581 295 1614 A
321 1581 431 1633 forest
457 1582 498 1614 of
521 1584 634 1625 pines,
661 1594 747 1616 near
774 1583 921 1624 Cumae,
948 1584 1100 1619 infested
1126 1586 1176 1629 by
1201 1586 1358 1621 robbers.

179 1623 236 1687 Osi
253 1624 337 1701 ι’ῙΓιῗιῖξ
343 1627 535 1702 dilig-(elice
544 1670 581 1702 in
590 1670 676 1702 time
686 1669 848 1704 between
857 1670 927 1704 this
937 1670 1038 1705 letter
1046 1672 1118 1705 and
1128 1672 1189 1706 the
1197 1672 1277 1711 last,
1287 1673 1358 1707 and

176 1710 246 1744 still
262 1722 360 1744 more
374 1711 567 1754 strikingly
581 1712 642 1745 the
658 1716 750 1750 next,
765 1714 794 1745 is
810 1714 959 1747 another
974 1716 1082 1757 proof
1093 1715 1134 1748 of
1145 1716 1206 1748 the
1222 1716 1305 1749 lack
1320 1718 1362 1750 of

177 1753 320 1796 orderly
332 1758 585 1796 arrangement
597 1756 633 1788 in
650 1755 710 1788 the
723 1756 951 1798 compilation
964 1757 1005 1790 of
1016 1757 1077 1791 the
1088 1756 1181 1801 Epp.
1194 1760 1242 1792 ad
1258 1760 1357 1793 Fam.

222 1802 235 1818 ⁶
259 1796 415 1840 Perhaps
430 1798 490 1831 the
506 1797 727 1832 Salvidienus
745 1798 859 1833 Rufus
875 1800 1076 1834 mentioned
1092 1803 1128 1834 in
1144 1802 1246 1838 Brut.
1262 1804 1285 1835 i.
1305 1805 1357 1836 1⁷.

174 1838 268 1872 Prof.
286 1840 425 1873 Palmer
439 1840 611 1874 identifies
627 1841 700 1874 him
716 1842 799 1874 with
815 1842 984 1876 Horace’s
1001 1843 1214 1878 Nasidienus
1231 1845 1356 1884 Rufus,

173 1882 301 1958 Saul}
318 1885 350 1916 8.
397 1883 450 1917 Το
467 1884 563 1918 what
583 1884 662 1927 plot
684 1884 808 1918 Cicero
832 1885 969 1920 alludes
991 1886 1131 1921 further
1148 1898 1195 1921 on
1210 1889 1247 1921 in
1262 1891 1278 1927 ξ
1294 1891 1309 1921 1
1327 1890 1357 1922 is

172 1928 236 1958 not
279 1937 397 1960 nown.

174 1980 250 2017 272
