<?xml version="1.0" encoding="UTF-8"?>
<!DOCTYPE html PUBLIC "-//W3C//DTD XHTML 1.0 Transitional//EN"
    "http://www.w3.org/TR/xhtml1/DTD/xhtml1-transitional.dtd">
<html xmlns="http://www.w3.org/1999/xhtml" xml:lang="en" lang="en">
 <head>
  <title>
</title>
<meta http-equiv="Content-Type" content="text/html;charset=utf-8" />
  <meta name='ocr-system' content='tesseract 3.04.00' />
  <meta name='ocr-capabilities' content='ocr_page ocr_carea ocr_par ocr_line ocrx_word'/>
</head>
<body>
  <div class='ocr_page' id='page_1' title='image "./letterstohisfrie02ciceuoft_0254.png"; bbox 0 0 1448 2236; ppageno 0'>
   <div class='ocr_carea' id='block_1_1' title="bbox 690 63 892 103">
    <p class='ocr_par' dir='ltr' id='par_1_1' title="bbox 690 63 892 103">
     <span class='ocr_line' id='line_1_1' title="bbox 690 63 892 103; baseline 0.005 -1"><span class='ocrx_word' id='word_1_1' title='bbox 690 63 892 103; x_wconf 85' lang='lat' dir='ltr'>CICERO</span> 
     </span>
    </p>
   </div>
   <div class='ocr_carea' id='block_1_2' title="bbox 156 170 1423 884">
    <p class='ocr_par' dir='ltr' id='par_1_2' title="bbox 156 170 1423 884">
     <span class='ocr_line' id='line_1_2' title="bbox 156 170 1386 221; baseline 0.001 -14"><span class='ocrx_word' id='word_1_2' title='bbox 156 176 179 207; x_wconf 79' lang='lat'>4</span> <span class='ocrx_word' id='word_1_3' title='bbox 197 183 320 221; x_wconf 90' lang='lat' dir='ltr'>quem</span> <span class='ocrx_word' id='word_1_4' title='bbox 338 171 524 208; x_wconf 90' lang='lat' dir='ltr'>omnibus</span> <span class='ocrx_word' id='word_1_5' title='bbox 544 176 764 221; x_wconf 79' lang='lat' dir='ltr'><strong>antepono,</strong></span> <span class='ocrx_word' id='word_1_6' title='bbox 783 170 894 209; x_wconf 87' lang='lat' dir='ltr'>dare.</span> <span class='ocrx_word' id='word_1_7' title='bbox 948 171 1069 218; x_wconf 86' lang='lat' dir='ltr'>Quod</span> <span class='ocrx_word' id='word_1_8' title='bbox 1086 170 1265 209; x_wconf 84' lang='lat' dir='ltr'>dicturus</span> <span class='ocrx_word' id='word_1_9' title='bbox 1283 183 1386 216; x_wconf 92' lang='lat' dir='ltr'>sum,</span> 
     </span>
     <span class='ocr_line' id='line_1_3' title="bbox 196 229 1386 281; baseline 0 -13"><span class='ocrx_word' id='word_1_10' title='bbox 196 235 297 281; x_wconf 90' lang='lat' dir='ltr'>puto</span> <span class='ocrx_word' id='word_1_11' title='bbox 314 230 506 281; x_wconf 87' lang='lat' dir='ltr'>equidem</span> <span class='ocrx_word' id='word_1_12' title='bbox 522 243 604 268; x_wconf 90' lang='lat' dir='ltr'>non</span> <span class='ocrx_word' id='word_1_13' title='bbox 619 230 739 268; x_wconf 91' lang='lat' dir='ltr'>valde</span> <span class='ocrx_word' id='word_1_14' title='bbox 756 230 808 268; x_wconf 92' lang='lat' dir='ltr'>ad</span> <span class='ocrx_word' id='word_1_15' title='bbox 822 243 910 268; x_wconf 86' lang='lat' dir='ltr'>rem</span> <span class='ocrx_word' id='word_1_16' title='bbox 924 232 1145 281; x_wconf 88' lang='lat' dir='ltr'>pertinere,</span> <span class='ocrx_word' id='word_1_17' title='bbox 1160 229 1234 268; x_wconf 91' lang='lat' dir='ltr'>sed</span> <span class='ocrx_word' id='word_1_18' title='bbox 1247 235 1386 268; x_wconf 83' lang='lat' dir='ltr'>tamen</span> 
     </span>
     <span class='ocr_line' id='line_1_4' title="bbox 195 288 1386 328; baseline -0.001 0"><span class='ocrx_word' id='word_1_19' title='bbox 195 289 294 328; x_wconf 90' lang='lat' dir='ltr'>nihil</span> <span class='ocrx_word' id='word_1_20' title='bbox 313 290 431 328; x_wconf 86' lang='lat' dir='ltr'>obest</span> <span class='ocrx_word' id='word_1_21' title='bbox 450 289 599 328; x_wconf 90' lang='lat' dir='ltr'>dicere.</span> <span class='ocrx_word' id='word_1_22' title='bbox 653 289 734 328; x_wconf 91' lang='lat' dir='ltr'>Res</span> <span class='ocrx_word' id='word_1_23' title='bbox 752 288 958 328; x_wconf 87' lang='lat' dir='ltr'>familiaris</span> <span class='ocrx_word' id='word_1_24' title='bbox 978 289 1096 328; x_wconf 87' lang='lat' dir='ltr'>alteri</span> <span class='ocrx_word' id='word_1_25' title='bbox 1114 302 1253 328; x_wconf 91' lang='lat' dir='ltr'>eorum</span> <span class='ocrx_word' id='word_1_26' title='bbox 1270 288 1386 327; x_wconf 88' lang='lat' dir='ltr'>valde</span> 
     </span>
     <span class='ocr_line' id='line_1_5' title="bbox 197 349 1387 401; baseline 0 -14"><span class='ocrx_word' id='word_1_27' title='bbox 197 352 347 401; x_wconf 85' lang='lat' dir='ltr'>exigua</span> <span class='ocrx_word' id='word_1_28' title='bbox 366 355 443 395; x_wconf 91' lang='lat' dir='ltr'>est,</span> <span class='ocrx_word' id='word_1_29' title='bbox 463 350 582 388; x_wconf 85' lang='lat' dir='ltr'>alteri</span> <span class='ocrx_word' id='word_1_30' title='bbox 599 352 666 388; x_wconf 84' lang='lat' dir='ltr'>vix</span> <span class='ocrx_word' id='word_1_31' title='bbox 686 352 897 401; x_wconf 89' lang='lat' dir='ltr'>equestris.</span> <span class='ocrx_word' id='word_1_32' title='bbox 949 349 1210 400; x_wconf 80' lang='lat' dir='ltr'>Quapropter</span> <span class='ocrx_word' id='word_1_33' title='bbox 1226 349 1387 400; x_wconf 87' lang='lat' dir='ltr'>quando</span> 
     </span>
     <span class='ocr_line' id='line_1_6' title="bbox 198 409 1387 455; baseline 0.001 -8"><span class='ocrx_word' id='word_1_34' title='bbox 198 409 259 447; x_wconf 88' lang='lat' dir='ltr'>his</span> <span class='ocrx_word' id='word_1_35' title='bbox 285 409 435 447; x_wconf 87' lang='lat' dir='ltr'>Caesar</span> <span class='ocrx_word' id='word_1_36' title='bbox 459 412 587 448; x_wconf 87' lang='lat' dir='ltr'>vitam</span> <span class='ocrx_word' id='word_1_37' title='bbox 611 423 685 448; x_wconf 93' lang='lat' dir='ltr'>sua</span> <span class='ocrx_word' id='word_1_38' title='bbox 706 409 954 448; x_wconf 79' lang='lat' dir='ltr'>liberalitate</span> <span class='ocrx_word' id='word_1_39' title='bbox 977 411 1187 455; x_wconf 86' lang='lat' dir='ltr'>concessit,</span> <span class='ocrx_word' id='word_1_40' title='bbox 1211 422 1287 447; x_wconf 90' lang='lat' dir='ltr'>nec</span> <span class='ocrx_word' id='word_1_41' title='bbox 1311 414 1387 454; x_wconf 83' lang='lat' dir='ltr'>est,</span> 
     </span>
     <span class='ocr_line' id='line_1_7' title="bbox 197 469 1386 522; baseline -0.001 -14"><span class='ocrx_word' id='word_1_42' title='bbox 197 470 307 521; x_wconf 92' lang='lat' dir='ltr'>quod</span> <span class='ocrx_word' id='word_1_43' title='bbox 319 473 367 508; x_wconf 89' lang='lat' dir='ltr'>iis</span> <span class='ocrx_word' id='word_1_44' title='bbox 381 476 598 520; x_wconf 87' lang='lat' dir='ltr'>praeterea</span> <span class='ocrx_word' id='word_1_45' title='bbox 610 483 759 522; x_wconf 87' lang='lat' dir='ltr'>magno</span> <span class='ocrx_word' id='word_1_46' title='bbox 773 483 896 521; x_wconf 89' lang='lat' dir='ltr'>opere</span> <span class='ocrx_word' id='word_1_47' title='bbox 907 472 1036 521; x_wconf 87' lang='lat' dir='ltr'>possit</span> <span class='ocrx_word' id='word_1_48' title='bbox 1049 469 1184 515; x_wconf 90' lang='lat' dir='ltr'>adimi,</span> <span class='ocrx_word' id='word_1_49' title='bbox 1196 469 1386 514; x_wconf 89' lang='lat' dir='ltr'>reditum,</span> 
     </span>
     <span class='ocr_line' id='line_1_8' title="bbox 196 529 1387 582; baseline 0 -15"><span class='ocrx_word' id='word_1_50' title='bbox 196 533 229 568; x_wconf 88' lang='lat' dir='ltr'>si</span> <span class='ocrx_word' id='word_1_51' title='bbox 249 543 316 568; x_wconf 89' lang='lat' dir='ltr'>me</span> <span class='ocrx_word' id='word_1_52' title='bbox 336 536 499 569; x_wconf 87' lang='lat' dir='ltr'>tantum</span> <span class='ocrx_word' id='word_1_53' title='bbox 521 544 645 577; x_wconf 85' lang='lat' dir='ltr'>amas,</span> <span class='ocrx_word' id='word_1_54' title='bbox 666 537 865 582; x_wconf 89' lang='lat' dir='ltr'>quantum</span> <span class='ocrx_word' id='word_1_55' title='bbox 884 535 996 569; x_wconf 87' lang='lat' dir='ltr'>certe</span> <span class='ocrx_word' id='word_1_56' title='bbox 1017 543 1141 576; x_wconf 89' lang='lat' dir='ltr'>amas,</span> <span class='ocrx_word' id='word_1_57' title='bbox 1161 529 1387 568; x_wconf 89' lang='lat' dir='ltr'>hominibus</span> 
     </span>
     <span class='ocr_line' id='line_1_9' title="bbox 196 589 1423 641; baseline -0.002 -13"><span class='ocrx_word' id='word_1_58' title='bbox 196 590 361 628; x_wconf 88' lang='lat' dir='ltr'>confice.</span> <span class='ocrx_word' id='word_1_59' title='bbox 417 591 465 628; x_wconf 90' lang='lat' dir='ltr'>In</span> <span class='ocrx_word' id='word_1_60' title='bbox 482 604 562 641; x_wconf 92' lang='lat' dir='ltr'>quo</span> <span class='ocrx_word' id='word_1_61' title='bbox 578 590 677 628; x_wconf 88' lang='lat' dir='ltr'>nihil</span> <span class='ocrx_word' id='word_1_62' title='bbox 694 596 757 629; x_wconf 88' lang='lat' dir='ltr'>est</span> <span class='ocrx_word' id='word_1_63' title='bbox 771 596 937 641; x_wconf 90' lang='lat' dir='ltr'>praeter</span> <span class='ocrx_word' id='word_1_64' title='bbox 951 592 1061 633; x_wconf 81' lang='lat' dir='ltr'>viam.</span> <span class='ocrx_word' id='word_1_65' title='bbox 1072 589 1249 641; x_wconf 87' lang='lat' dir='ltr'>longam,</span> <span class='ocrx_word' id='word_1_66' title='bbox 1265 602 1387 640; x_wconf 89' lang='lat' dir='ltr'>quam</span> <span class='ocrx_word' id='word_1_67' title='bbox 1420 598 1423 599; x_wconf 72' lang='grc'>’</span> 
     </span>
     <span class='ocr_line' id='line_1_10' title="bbox 195 649 1388 702; baseline -0.001 -14"><span class='ocrx_word' id='word_1_68' title='bbox 195 651 342 688; x_wconf 89' lang='lat' dir='ltr'>idcirco</span> <span class='ocrx_word' id='word_1_69' title='bbox 355 664 436 688; x_wconf 89' lang='lat' dir='ltr'>non</span> <span class='ocrx_word' id='word_1_70' title='bbox 449 649 626 702; x_wconf 88' lang='lat' dir='ltr'>fugiunt,</span> <span class='ocrx_word' id='word_1_71' title='bbox 641 657 687 689; x_wconf 87' lang='lat' dir='ltr'>ut</span> <span class='ocrx_word' id='word_1_72' title='bbox 702 656 745 689; x_wconf 93' lang='lat' dir='ltr'>et</span> <span class='ocrx_word' id='word_1_73' title='bbox 758 653 897 689; x_wconf 84' lang='lat' dir='ltr'>vivant</span> <span class='ocrx_word' id='word_1_74' title='bbox 910 664 1003 689; x_wconf 91' lang='lat' dir='ltr'>cum</span> <span class='ocrx_word' id='word_1_75' title='bbox 1016 652 1096 688; x_wconf 90' lang='lat' dir='ltr'>suis</span> <span class='ocrx_word' id='word_1_76' title='bbox 1109 655 1154 688; x_wconf 89' lang='lat' dir='ltr'>et</span> <span class='ocrx_word' id='word_1_77' title='bbox 1165 651 1388 688; x_wconf 88' lang='lat' dir='ltr'>moriantur</span> 
     </span>
     <span class='ocr_line' id='line_1_11' title="bbox 195 710 1388 762; baseline -0.001 -14"><span class='ocrx_word' id='word_1_78' title='bbox 195 711 319 749; x_wconf 91' lang='lat' dir='ltr'>domi.</span> <span class='ocrx_word' id='word_1_79' title='bbox 372 710 493 758; x_wconf 83' lang='lat' dir='ltr'>Quod</span> <span class='ocrx_word' id='word_1_80' title='bbox 514 716 560 749; x_wconf 89' lang='lat' dir='ltr'>ut</span> <span class='ocrx_word' id='word_1_81' title='bbox 582 714 739 749; x_wconf 89' lang='lat' dir='ltr'>enitare</span> <span class='ocrx_word' id='word_1_82' title='bbox 760 711 1079 762; x_wconf 81' lang='lat' dir='ltr'>contendasque,</span> <span class='ocrx_word' id='word_1_83' title='bbox 1099 710 1166 749; x_wconf 89' lang='lat' dir='ltr'>vel</span> <span class='ocrx_word' id='word_1_84' title='bbox 1184 712 1320 761; x_wconf 90' lang='lat' dir='ltr'>potius</span> <span class='ocrx_word' id='word_1_85' title='bbox 1341 715 1388 747; x_wconf 90' lang='lat' dir='ltr'>ut</span> 
     </span>
     <span class='ocr_line' id='line_1_12' title="bbox 193 770 1388 823; baseline -0.001 -15"><span class='ocrx_word' id='word_1_86' title='bbox 193 771 389 822; x_wconf 87' lang='lat' dir='ltr'>perficias,</span> <span class='ocrx_word' id='word_1_87' title='bbox 410 771 543 822; x_wconf 88' lang='lat' dir='ltr'>(posse</span> <span class='ocrx_word' id='word_1_88' title='bbox 563 774 671 810; x_wconf 90' lang='lat' dir='ltr'>enim</span> <span class='ocrx_word' id='word_1_89' title='bbox 693 777 750 817; x_wconf 88' lang='lat' dir='ltr'>te,</span> <span class='ocrx_word' id='word_1_90' title='bbox 772 771 869 809; x_wconf 88' lang='lat' dir='ltr'>mihi</span> <span class='ocrx_word' id='word_1_91' title='bbox 890 770 1102 823; x_wconf 81' lang='lat' dir='ltr'>persuasi,)</span> <span class='ocrx_word' id='word_1_92' title='bbox 1122 770 1388 809; x_wconf 89' lang='lat' dir='ltr'>vehementer</span> 
     </span>
     <span class='ocr_line' id='line_1_13' title="bbox 195 833 1169 884; baseline 0 -14"><span class='ocrx_word' id='word_1_93' title='bbox 195 836 240 870; x_wconf 89' lang='lat' dir='ltr'>te</span> <span class='ocrx_word' id='word_1_94' title='bbox 260 833 385 869; x_wconf 91' lang='lat' dir='ltr'>etiam</span> <span class='ocrx_word' id='word_1_95' title='bbox 404 837 528 884; x_wconf 87' lang='lat' dir='ltr'>atque</span> <span class='ocrx_word' id='word_1_96' title='bbox 548 834 672 870; x_wconf 87' lang='lat' dir='ltr'>etiam</span> <span class='ocrx_word' id='word_1_97' title='bbox 690 845 800 883; x_wconf 88' lang='lat' dir='ltr'>rogo.</span> <span class='ocrx_word' id='word_1_98' title='bbox 1166 848 1169 852; x_wconf 95' lang='lat'>·</span> 
     </span>
    </p>
   </div>
   <div class='ocr_carea' id='block_1_3' title="bbox 736 989 837 1027">
    <p class='ocr_par' dir='ltr' id='par_1_3' title="bbox 736 989 837 1027">
     <span class='ocr_line' id='line_1_14' title="bbox 736 989 837 1027; baseline 0 0"><span class='ocrx_word' id='word_1_99' title='bbox 736 989 837 1027; x_wconf 91' lang='lat' dir='ltr'>XIV</span> 
     </span>
    </p>
   </div>
   <div class='ocr_carea' id='block_1_4' title="bbox 436 1098 1097 1217">
    <p class='ocr_par' dir='ltr' id='par_1_4' title="bbox 436 1098 1097 1217">
     <span class='ocr_line' id='line_1_15' title="bbox 436 1098 1097 1127; baseline 0 -1"><span class='ocrx_word' id='word_1_100' title='bbox 436 1100 574 1126; x_wconf 71' lang='lat' dir='ltr'><strong>CICERO</strong></span> <span class='ocrx_word' id='word_1_101' title='bbox 602 1099 850 1125; x_wconf 79' lang='lat' dir='ltr'>DOLABELLAE</span> <span class='ocrx_word' id='word_1_102' title='bbox 877 1099 1038 1125; x_wconf 86' lang='lat' dir='ltr'>CONSULI</span> <span class='ocrx_word' id='word_1_103' title='bbox 1062 1098 1097 1127; x_wconf 76' lang='grc'>8.</span> 
     </span>
     <span class='ocr_line' id='line_1_16' title="bbox 513 1174 1019 1217; baseline -0.002 -10"><span class='ocrx_word' id='word_1_104' title='bbox 513 1174 555 1207; x_wconf 93' lang='lat' dir='ltr'>In</span> <span class='ocrx_word' id='word_1_105' title='bbox 572 1174 802 1217; x_wconf 87' lang='lat' dir='ltr'>Pompeiano,</span> <span class='ocrx_word' id='word_1_106' title='bbox 818 1184 925 1207; x_wconf 73' lang='lat' dir='ltr'>A.u.c.</span> <span class='ocrx_word' id='word_1_107' title='bbox 942 1175 1019 1207; x_wconf 82' lang='grc' dir='ltr'>Ι710.</span> 
     </span>
    </p>
   </div>
   <div class='ocr_carea' id='block_1_5' title="bbox 156 1250 1448 1606">
    <p class='ocr_par' dir='ltr' id='par_1_5' title="bbox 156 1250 1448 1606">
     <span class='ocr_line' id='line_1_17' title="bbox 156 1250 1385 1302; baseline -0.002 -11"><span class='ocrx_word' id='word_1_108' title='bbox 156 1259 175 1292; x_wconf 90' lang='grc'>1</span> <span class='ocrx_word' id='word_1_109' title='bbox 246 1253 335 1290; x_wconf 83' lang='lat' dir='ltr'>Etsi</span> <span class='ocrx_word' id='word_1_110' title='bbox 371 1258 588 1290; x_wconf 87' lang='lat' dir='ltr'>contentus</span> <span class='ocrx_word' id='word_1_111' title='bbox 626 1265 750 1297; x_wconf 90' lang='lat' dir='ltr'>eram,</span> <span class='ocrx_word' id='word_1_112' title='bbox 785 1253 840 1288; x_wconf 84' lang='lat' dir='ltr'>mi</span> <span class='ocrx_word' id='word_1_113' title='bbox 878 1251 1104 1296; x_wconf 85' lang='lat' dir='ltr'>Dolabella,</span> <span class='ocrx_word' id='word_1_114' title='bbox 1138 1256 1212 1289; x_wconf 86' lang='lat' dir='ltr'>tua</span> <span class='ocrx_word' id='word_1_115' title='bbox 1245 1250 1385 1302; x_wconf 84' lang='lat' dir='ltr'>gloria,</span> 
     </span>
     <span class='ocr_line' id='line_1_18' title="bbox 195 1311 1384 1364; baseline -0.003 -13"><span class='ocrx_word' id='word_1_116' title='bbox 195 1315 375 1364; x_wconf 88' lang='lat' dir='ltr'>satisque</span> <span class='ocrx_word' id='word_1_117' title='bbox 413 1326 464 1351; x_wconf 91' lang='lat' dir='ltr'>ex</span> <span class='ocrx_word' id='word_1_118' title='bbox 503 1325 552 1350; x_wconf 90' lang='lat' dir='ltr'>ea</span> <span class='ocrx_word' id='word_1_119' title='bbox 587 1324 780 1363; x_wconf 87' lang='lat' dir='ltr'>magnam</span> <span class='ocrx_word' id='word_1_120' title='bbox 815 1311 1015 1349; x_wconf 86' lang='lat' dir='ltr'>laetitiam</span> <span class='ocrx_word' id='word_1_121' title='bbox 1050 1311 1384 1361; x_wconf 87' lang='lat' dir='ltr'>voluptatemque</span> 
     </span>
     <span class='ocr_line' id='line_1_19' title="bbox 193 1371 1422 1424; baseline -0.003 -13"><span class='ocrx_word' id='word_1_122' title='bbox 193 1374 420 1424; x_wconf 89' lang='lat' dir='ltr'>capiebam,</span> <span class='ocrx_word' id='word_1_123' title='bbox 439 1378 579 1411; x_wconf 90' lang='lat' dir='ltr'>tamen</span> <span class='ocrx_word' id='word_1_124' title='bbox 597 1386 678 1411; x_wconf 92' lang='lat' dir='ltr'>non</span> <span class='ocrx_word' id='word_1_125' title='bbox 695 1385 859 1423; x_wconf 89' lang='lat' dir='ltr'>possum</span> <span class='ocrx_word' id='word_1_126' title='bbox 878 1385 958 1410; x_wconf 91' lang='lat' dir='ltr'>non</span> <span class='ocrx_word' id='word_1_127' title='bbox 976 1371 1173 1416; x_wconf 86' lang='lat' dir='ltr'>confiteri,</span> <span class='ocrx_word' id='word_1_128' title='bbox 1190 1371 1384 1409; x_wconf 88' lang='lat' dir='ltr'>cumulari</span> <span class='ocrx_word' id='word_1_129' title='bbox 1419 1421 1422 1423; x_wconf 20' lang='grc' dir='ltr'><strong><em>ι</em></strong></span> 
     </span>
     <span class='ocr_line' id='line_1_20' title="bbox 193 1431 1383 1485; baseline -0.003 -13"><span class='ocrx_word' id='word_1_130' title='bbox 193 1447 261 1472; x_wconf 91' lang='lat' dir='ltr'>me</span> <span class='ocrx_word' id='word_1_131' title='bbox 295 1435 473 1472; x_wconf 89' lang='lat' dir='ltr'>maximo</span> <span class='ocrx_word' id='word_1_132' title='bbox 508 1433 671 1485; x_wconf 88' lang='lat' dir='ltr'>gaudio,</span> <span class='ocrx_word' id='word_1_133' title='bbox 707 1433 817 1484; x_wconf 93' lang='lat' dir='ltr'>quod</span> <span class='ocrx_word' id='word_1_134' title='bbox 850 1432 971 1484; x_wconf 89' lang='lat' dir='ltr'>vulgo</span> <span class='ocrx_word' id='word_1_135' title='bbox 1006 1431 1215 1470; x_wconf 87' lang='lat' dir='ltr'>hominum</span> <span class='ocrx_word' id='word_1_136' title='bbox 1250 1433 1383 1482; x_wconf 90' lang='lat' dir='ltr'>opinio</span> 
     </span>
     <span class='ocr_line' id='line_1_21' title="bbox 193 1492 1382 1536; baseline -0.003 -4"><span class='ocrx_word' id='word_1_137' title='bbox 193 1496 344 1532; x_wconf 90' lang='lat' dir='ltr'>socium</span> <span class='ocrx_word' id='word_1_138' title='bbox 360 1507 426 1532; x_wconf 91' lang='lat' dir='ltr'>me</span> <span class='ocrx_word' id='word_1_139' title='bbox 442 1494 616 1531; x_wconf 87' lang='lat' dir='ltr'>ascribat</span> <span class='ocrx_word' id='word_1_140' title='bbox 631 1495 711 1531; x_wconf 89' lang='lat' dir='ltr'>tuis</span> <span class='ocrx_word' id='word_1_141' title='bbox 726 1493 925 1531; x_wconf 87' lang='lat' dir='ltr'>laudibus.</span> <span class='ocrx_word' id='word_1_142' title='bbox 967 1492 1185 1530; x_wconf 89' lang='lat' dir='ltr'>Neminem</span> <span class='ocrx_word' id='word_1_143' title='bbox 1199 1493 1382 1536; x_wconf 90' lang='lat' dir='ltr'>conveni,</span> 
     </span>
     <span class='ocr_line' id='line_1_22' title="bbox 193 1554 1448 1606; baseline -0.003 -13"><span class='ocrx_word' id='word_1_144' title='bbox 193 1555 402 1606; x_wconf 88' lang='lat' dir='ltr'>(convenio</span> <span class='ocrx_word' id='word_1_145' title='bbox 425 1560 564 1593; x_wconf 85' lang='lat' dir='ltr'>autem</span> <span class='ocrx_word' id='word_1_146' title='bbox 585 1554 767 1605; x_wconf 88' lang='lat' dir='ltr'>quotidie</span> <span class='ocrx_word' id='word_1_147' title='bbox 788 1554 980 1604; x_wconf 89' lang='lat' dir='ltr'>plurimos</span> <span class='ocrx_word' id='word_1_148' title='bbox 997 1565 1008 1598; x_wconf 90' lang='lat'>;</span> <span class='ocrx_word' id='word_1_149' title='bbox 1045 1557 1140 1591; x_wconf 92' lang='lat' dir='ltr'>sunt</span> <span class='ocrx_word' id='word_1_150' title='bbox 1162 1554 1271 1590; x_wconf 82' lang='lat' dir='ltr'>enim</span> <span class='ocrx_word' id='word_1_151' title='bbox 1291 1564 1382 1602; x_wconf 89' lang='lat' dir='ltr'>per-</span> <span class='ocrx_word' id='word_1_152' title='bbox 1447 1563 1448 1606; x_wconf 18' lang='grc' dir='ltr'>ἦ</span> 
     </span>
    </p>
   </div>
   <div class='ocr_carea' id='block_1_6' title="bbox 190 1646 1419 1991">
    <p class='ocr_par' dir='ltr' id='par_1_6' title="bbox 195 1646 1419 1735">
     <span class='ocr_line' id='line_1_23' title="bbox 241 1646 1380 1690; baseline -0.004 -8"><span class='ocrx_word' id='word_1_153' title='bbox 241 1654 257 1669; x_wconf 80' lang='lat'><strong>⁰</strong></span> <span class='ocrx_word' id='word_1_154' title='bbox 279 1649 355 1682; x_wconf 88' lang='lat' dir='ltr'>The</span> <span class='ocrx_word' id='word_1_155' title='bbox 382 1648 574 1690; x_wconf 86' lang='lat' dir='ltr'>registered</span> <span class='ocrx_word' id='word_1_156' title='bbox 601 1651 771 1690; x_wconf 88' lang='lat' dir='ltr'>property</span> <span class='ocrx_word' id='word_1_157' title='bbox 800 1647 840 1680; x_wconf 86' lang='lat' dir='ltr'>of</span> <span class='ocrx_word' id='word_1_158' title='bbox 865 1658 887 1680; x_wconf 86' lang='lat' dir='ltr'>a</span> <span class='ocrx_word' id='word_1_159' title='bbox 917 1648 1058 1680; x_wconf 86' lang='lat' dir='ltr'>Roman</span> <span class='ocrx_word' id='word_1_160' title='bbox 1087 1646 1218 1688; x_wconf 86' lang='lat' dir='ltr'>knight</span> <span class='ocrx_word' id='word_1_161' title='bbox 1244 1646 1380 1688; x_wconf 71' lang='lat' dir='ltr'>(cemus</span> 
     </span>
     <span class='ocr_line' id='line_1_24' title="bbox 195 1689 1419 1735; baseline -0.004 -9"><span class='ocrx_word' id='word_1_162' title='bbox 195 1692 364 1735; x_wconf 77' lang='lat' dir='ltr'>equester)</span> <span class='ocrx_word' id='word_1_163' title='bbox 381 1703 454 1724; x_wconf 85' lang='lat' dir='ltr'>was</span> <span class='ocrx_word' id='word_1_164' title='bbox 470 1692 582 1724; x_wconf 86' lang='lat' dir='ltr'>about</span> <span class='ocrx_word' id='word_1_165' title='bbox 596 1694 665 1724; x_wconf 86' lang='lat'>400</span> <span class='ocrx_word' id='word_1_166' title='bbox 680 1692 840 1724; x_wconf 73' lang='lat' dir='ltr'>sestertia</span> <span class='ocrx_word' id='word_1_167' title='bbox 855 1691 1019 1733; x_wconf 86' lang='lat'>(400‚000</span> <span class='ocrx_word' id='word_1_168' title='bbox 1034 1689 1227 1731; x_wconf 86' lang='lat' dir='ltr'>sesterces).</span> <span class='ocrx_word' id='word_1_169' title='bbox 1416 1714 1419 1715; x_wconf 16' lang='grc' dir='ltr'><em>γ</em></span> 
     </span>
    </p>

    <p class='ocr_par' dir='ltr' id='par_1_7' title="bbox 190 1731 1417 1991">
     <span class='ocr_line' id='line_1_25' title="bbox 244 1731 1417 1776; baseline -0.004 -7"><span class='ocrx_word' id='word_1_170' title='bbox 244 1735 257 1756; x_wconf 76' lang='lat'><em>⁶</em></span> <span class='ocrx_word' id='word_1_171' title='bbox 281 1736 315 1768; x_wconf 91' lang='lat' dir='ltr'><strong>A</strong></span> <span class='ocrx_word' id='word_1_172' title='bbox 344 1734 464 1769; x_wconf 88' lang='lat' dir='ltr'>Greek</span> <span class='ocrx_word' id='word_1_173' title='bbox 490 1734 620 1767; x_wconf 87' lang='lat' dir='ltr'>named</span> <span class='ocrx_word' id='word_1_174' title='bbox 646 1734 875 1776; x_wconf 88' lang='lat' dir='ltr'>Hierophilus</span> <span class='ocrx_word' id='word_1_175' title='bbox 900 1733 955 1776; x_wconf 94' lang='lat' dir='ltr'>(or</span> <span class='ocrx_word' id='word_1_176' title='bbox 983 1733 1164 1776; x_wconf 85' lang='lat' dir='ltr'>Amatius)</span> <span class='ocrx_word' id='word_1_177' title='bbox 1189 1731 1260 1765; x_wconf 82' lang='lat' dir='ltr'>had</span> <span class='ocrx_word' id='word_1_178' title='bbox 1289 1732 1378 1764; x_wconf 88' lang='lat' dir='ltr'>been</span> <span class='ocrx_word' id='word_1_179' title='bbox 1416 1771 1417 1774; x_wconf 11' lang='grc' dir='ltr'><strong>Ἴ</strong></span> 
     </span>
     <span class='ocr_line' id='line_1_26' title="bbox 194 1774 1415 1820; baseline -0.003 -9"><span class='ocrx_word' id='word_1_180' title='bbox 194 1778 367 1812; x_wconf 88' lang='lat' dir='ltr'>banished</span> <span class='ocrx_word' id='word_1_181' title='bbox 387 1778 436 1820; x_wconf 92' lang='lat' dir='ltr'>by</span> <span class='ocrx_word' id='word_1_182' title='bbox 455 1778 597 1816; x_wconf 87' lang='lat' dir='ltr'>Caesar,</span> <span class='ocrx_word' id='word_1_183' title='bbox 617 1777 693 1816; x_wconf 79' lang='lat' dir='ltr'>but,</span> <span class='ocrx_word' id='word_1_184' title='bbox 713 1778 898 1818; x_wconf 87' lang='lat' dir='ltr'>returning</span> <span class='ocrx_word' id='word_1_185' title='bbox 915 1776 1006 1809; x_wconf 85' lang='lat' dir='ltr'>after</span> <span class='ocrx_word' id='word_1_186' title='bbox 1024 1776 1078 1809; x_wconf 87' lang='lat' dir='ltr'>his</span> <span class='ocrx_word' id='word_1_187' title='bbox 1097 1775 1216 1814; x_wconf 85' lang='lat' dir='ltr'>death,</span> <span class='ocrx_word' id='word_1_188' title='bbox 1236 1774 1308 1808; x_wconf 86' lang='lat' dir='ltr'>had</span> <span class='ocrx_word' id='word_1_189' title='bbox 1325 1777 1378 1808; x_wconf 90' lang='lat' dir='ltr'>set</span> <span class='ocrx_word' id='word_1_190' title='bbox 1414 1776 1415 1780; x_wconf 77' lang='grc'>’</span> 
     </span>
     <span class='ocr_line' id='line_1_27' title="bbox 194 1819 1379 1864; baseline -0.004 -9"><span class='ocrx_word' id='word_1_191' title='bbox 194 1833 243 1864; x_wconf 91' lang='lat' dir='ltr'>up</span> <span class='ocrx_word' id='word_1_192' title='bbox 265 1833 311 1854; x_wconf 91' lang='lat' dir='ltr'>an</span> <span class='ocrx_word' id='word_1_193' title='bbox 332 1822 423 1854; x_wconf 88' lang='lat' dir='ltr'>altar</span> <span class='ocrx_word' id='word_1_194' title='bbox 443 1824 481 1854; x_wconf 90' lang='lat' dir='ltr'>to</span> <span class='ocrx_word' id='word_1_195' title='bbox 501 1821 575 1853; x_wconf 91' lang='lat' dir='ltr'>him</span> <span class='ocrx_word' id='word_1_196' title='bbox 597 1831 636 1853; x_wconf 87' lang='lat' dir='ltr'>as</span> <span class='ocrx_word' id='word_1_197' title='bbox 657 1831 679 1852; x_wconf 88' lang='lat' dir='ltr'>a</span> <span class='ocrx_word' id='word_1_198' title='bbox 700 1820 784 1862; x_wconf 87' lang='lat' dir='ltr'>god,</span> <span class='ocrx_word' id='word_1_199' title='bbox 805 1819 877 1852; x_wconf 87' lang='lat' dir='ltr'>and</span> <span class='ocrx_word' id='word_1_200' title='bbox 898 1830 920 1851; x_wconf 87' lang='lat' dir='ltr'>a</span> <span class='ocrx_word' id='word_1_201' title='bbox 941 1819 1045 1862; x_wconf 84' lang='lat' dir='ltr'>pillar</span> <span class='ocrx_word' id='word_1_202' title='bbox 1064 1822 1102 1852; x_wconf 89' lang='lat' dir='ltr'>to</span> <span class='ocrx_word' id='word_1_203' title='bbox 1122 1819 1197 1851; x_wconf 91' lang='lat' dir='ltr'>him</span> <span class='ocrx_word' id='word_1_204' title='bbox 1218 1828 1257 1851; x_wconf 87' lang='lat' dir='ltr'>as</span> <span class='ocrx_word' id='word_1_205' title='bbox 1273 1821 1379 1860; x_wconf 80' lang='lat' dir='ltr'>pater</span> 
     </span>
     <span class='ocr_line' id='line_1_28' title="bbox 190 1860 1377 1906; baseline -0.004 -8"><span class='ocrx_word' id='word_1_206' title='bbox 190 1866 343 1906; x_wconf 74' lang='lat' dir='ltr'>patriae.</span> <span class='ocrx_word' id='word_1_207' title='bbox 391 1865 539 1906; x_wconf 88' lang='lat' dir='ltr'>Antony</span> <span class='ocrx_word' id='word_1_208' title='bbox 554 1863 625 1897; x_wconf 89' lang='lat' dir='ltr'>had</span> <span class='ocrx_word' id='word_1_209' title='bbox 646 1866 713 1905; x_wconf 85' lang='lat' dir='ltr'>put</span> <span class='ocrx_word' id='word_1_210' title='bbox 732 1863 793 1896; x_wconf 88' lang='lat' dir='ltr'>the</span> <span class='ocrx_word' id='word_1_211' title='bbox 808 1862 927 1896; x_wconf 89' lang='lat' dir='ltr'>Greek</span> <span class='ocrx_word' id='word_1_212' title='bbox 948 1865 986 1895; x_wconf 90' lang='lat' dir='ltr'>to</span> <span class='ocrx_word' id='word_1_213' title='bbox 1006 1861 1114 1895; x_wconf 83' lang='lat' dir='ltr'>death</span> <span class='ocrx_word' id='word_1_214' title='bbox 1129 1861 1278 1894; x_wconf 84' lang='lat' dir='ltr'>without</span> <span class='ocrx_word' id='word_1_215' title='bbox 1296 1860 1377 1893; x_wconf 85' lang='lat' dir='ltr'>trial</span> 
     </span>
     <span class='ocr_line' id='line_1_29' title="bbox 193 1903 1379 1948; baseline -0.004 -7"><span class='ocrx_word' id='word_1_216' title='bbox 193 1908 314 1941; x_wconf 85' lang='lat' dir='ltr'>before</span> <span class='ocrx_word' id='word_1_217' title='bbox 335 1907 395 1940; x_wconf 88' lang='lat' dir='ltr'>the</span> <span class='ocrx_word' id='word_1_218' title='bbox 416 1907 549 1940; x_wconf 90' lang='lat' dir='ltr'>middle</span> <span class='ocrx_word' id='word_1_219' title='bbox 570 1907 610 1940; x_wconf 87' lang='lat' dir='ltr'>of</span> <span class='ocrx_word' id='word_1_220' title='bbox 627 1906 731 1948; x_wconf 89' lang='lat' dir='ltr'>April</span> <span class='ocrx_word' id='word_1_221' title='bbox 751 1907 787 1938; x_wconf 90' lang='lat' dir='ltr'>in</span> <span class='ocrx_word' id='word_1_222' title='bbox 808 1906 879 1938; x_wconf 86' lang='lat' dir='ltr'>this</span> <span class='ocrx_word' id='word_1_223' title='bbox 899 1916 997 1947; x_wconf 83' lang='lat' dir='ltr'>year,</span> <span class='ocrx_word' id='word_1_224' title='bbox 1017 1905 1090 1938; x_wconf 89' lang='lat' dir='ltr'>and</span> <span class='ocrx_word' id='word_1_225' title='bbox 1111 1908 1150 1938; x_wconf 85' lang='lat' dir='ltr'>at</span> <span class='ocrx_word' id='word_1_226' title='bbox 1169 1905 1229 1937; x_wconf 83' lang='lat' dir='ltr'>the</span> <span class='ocrx_word' id='word_1_227' title='bbox 1249 1903 1319 1936; x_wconf 89' lang='lat' dir='ltr'>end</span> <span class='ocrx_word' id='word_1_228' title='bbox 1338 1903 1379 1936; x_wconf 80' lang='lat' dir='ltr'>of</span> 
     </span>
     <span class='ocr_line' id='line_1_30' title="bbox 192 1945 1417 1991; baseline -0.004 -7"><span class='ocrx_word' id='word_1_229' title='bbox 192 1951 253 1984; x_wconf 88' lang='lat' dir='ltr'>the</span> <span class='ocrx_word' id='word_1_230' title='bbox 268 1951 392 1983; x_wconf 84' lang='lat' dir='ltr'>month</span> <span class='ocrx_word' id='word_1_231' title='bbox 407 1950 594 1983; x_wconf 85' lang='lat' dir='ltr'>Dolabella</span> <span class='ocrx_word' id='word_1_232' title='bbox 607 1949 795 1991; x_wconf 88' lang='lat' dir='ltr'>destroyed</span> <span class='ocrx_word' id='word_1_233' title='bbox 810 1949 869 1982; x_wconf 87' lang='lat' dir='ltr'>the</span> <span class='ocrx_word' id='word_1_234' title='bbox 883 1949 974 1981; x_wconf 83' lang='lat' dir='ltr'>altar</span> <span class='ocrx_word' id='word_1_235' title='bbox 987 1948 1060 1981; x_wconf 88' lang='lat' dir='ltr'>and</span> <span class='ocrx_word' id='word_1_236' title='bbox 1074 1948 1189 1991; x_wconf 84' lang='lat' dir='ltr'>pillar,</span> <span class='ocrx_word' id='word_1_237' title='bbox 1202 1945 1375 1980; x_wconf 77' lang='lat' dir='ltr'>scattered</span> <span class='ocrx_word' id='word_1_238' title='bbox 1416 1983 1417 1986; x_wconf 11' lang='grc' dir='ltr'><strong>Ἴ</strong></span> 
     </span>
    </p>
   </div>
   <div class='ocr_carea' id='block_1_7' title="bbox 195 2008 270 2041">
    <p class='ocr_par' dir='ltr' id='par_1_8' title="bbox 195 2008 270 2041">
     <span class='ocr_line' id='line_1_31' title="bbox 195 2008 270 2041; baseline -0.013 0"><span class='ocrx_word' id='word_1_239' title='bbox 195 2008 270 2041; x_wconf 74' lang='lat'>224</span> 
     </span>
    </p>
   </div>
   <div class='ocr_carea' id='block_1_8' title="bbox 1406 0 1448 2236">
    <p class='ocr_par' dir='ltr' id='par_1_9' title="bbox 1406 0 1448 2236">
     <span class='ocr_line' id='line_1_32' title="bbox 1406 0 1448 2236; baseline 0 0"><span class='ocrx_word' id='word_1_240' title='bbox 1406 0 1448 2236; x_wconf 95' lang='lat' dir='ltr'> </span> 
     </span>
    </p>
   </div>
  </div>
 </body>
</html>
