1448 2236
690 76 891 117 CICERO
920 85 923 88 '

760 197 819 236 VI

615 297 754 323 CICERO
781 298 960 325 VARRONI

607 361 754 402 Romae,
772 374 878 397 A.n.c.
895 365 973 398 708.

153 434 172 468 1
245 429 436 469 Caninius
456 436 596 470 noster
617 445 684 470 me
713 435 793 471 tuis
820 434 953 472 verbis
981 433 1206 481 admonuit,
1226 440 1274 474 ut
1291 436 1385 473 scri-

191 488 331 527 berem
361 490 414 528 ad
438 495 496 536 te,
519 492 552 529 si
581 492 679 542 quid
708 497 830 538 esset,
858 492 968 544 quod
993 498 1183 544 putarem
1210 499 1255 532 te
1282 496 1384 533 scire

190 554 392 599 oportere.
455 550 531 588 Est
558 553 683 603 igitur
712 552 910 591 adventus
932 552 1131 604 (Caesaris
1151 553 1319 605 scilicet)
1343 556 1386 592 in

191 612 498 659 exspectatione
516 623 526 657 ;
552 625 687 663 neque
698 617 746 651 tu
757 612 799 651 id
811 615 984 664 ignoras.
1035 612 1118 652 Sed
1127 619 1282 660 tamen,
1292 627 1385 652 cum

191 669 258 708 ille
285 672 523 721 scripsisset,
550 677 598 709 ut
624 674 778 722 opinor,
805 685 849 711 se
874 675 916 710 in
942 673 1128 712 Alsiense
1153 679 1384 719 venturum,

191 731 439 780 scripserunt
457 731 510 769 ad
529 744 622 769 eum
641 735 716 778 sui,
734 746 786 770 ne
804 732 847 771 id
862 731 1020 771 faceret
1035 745 1046 779 ;
1077 733 1227 772 multos
1245 735 1285 771 ei
1299 746 1385 772 mo-

190 789 314 828 lestos
335 789 437 836 fore,
458 794 673 843 ipsumque
693 792 832 830 multis
850 805 860 838 ;
897 792 1039 831 Ostiae
1061 793 1189 831 videri
1209 806 1384 832 commo—

190 848 281 887 dius
297 862 391 887 eum
407 853 518 888 exire
531 864 663 902 posse.
717 851 767 889 Id
782 865 858 903 ego
872 865 954 891 non
966 852 1272 904 intellegebam,
1285 852 1384 904 quid

189 909 420 948 interesset.
474 910 556 948 Sed
580 916 722 949 tamen
746 911 904 949 Hirtius
927 911 1027 949 mihi
1051 912 1169 958 dixit,
1194 917 1239 951 et
1261 925 1306 951 se
1331 912 1383 950 ad

192 980 300 1014 eum,
319 974 363 1007 et
378 969 565 1015 Balbum,
584 975 627 1008 et
644 970 823 1021 Oppium
841 972 1058 1022 scripsisse,
1075 976 1123 1010 ut
1138 973 1198 1010 ita
1213 970 1382 1017 faceret,

149 1032 170 1064 2
189 1027 387 1075 homines,
411 1035 458 1067 ut
481 1032 664 1080 cognovi,
688 1036 872 1069 amantes
895 1033 970 1069 tui.
1023 1030 1113 1070 Hoc
1136 1044 1213 1083 ego
1234 1031 1382 1070 idcirco

188 1101 306 1126 nosse
329 1094 375 1127 te
397 1089 519 1137 volui,
542 1096 590 1128 ut
612 1092 747 1136 scires,
770 1090 990 1142 hospitium
1012 1091 1089 1129 tibi
1110 1091 1182 1130 ubi
1202 1104 1380 1142 parares,

187 1148 253 1186 vel
270 1151 406 1200 potius
430 1156 477 1188 ut
496 1151 716 1201 utrubique
734 1163 744 1196 ;
779 1151 878 1202 quid
899 1153 1007 1190 enim
1026 1150 1094 1190 ille
1113 1149 1294 1190 facturus
1313 1153 1381 1197 sit,

188 1210 390 1247 incertum
413 1215 477 1248 est
494 1222 504 1256 ;
544 1215 588 1248 et
611 1210 729 1249 simul
752 1213 954 1250 ostentavi
978 1211 1069 1258 tibi,
1090 1224 1159 1250 me
1180 1213 1268 1250 istis
1292 1223 1380 1250 esse

187 1266 428 1306 familiarem
456 1274 500 1307 et
525 1269 697 1308 consiliis
726 1283 866 1308 eorum
891 1273 1103 1309 interesse.
1155 1269 1278 1318 Quod
1303 1282 1380 1321 ego

185 1339 257 1365 cur
276 1327 413 1374 nolim,
434 1328 533 1366 nihil
551 1329 683 1367 video.
737 1329 829 1367 Non
849 1332 959 1368 enim
979 1334 1044 1368 est
1061 1329 1186 1375 idem,
1205 1328 1327 1375 ferre,
1345 1331 1380 1367 si

185 1386 284 1437 quid
309 1385 526 1425 ferendum
553 1394 630 1433 est,
658 1393 702 1426 et
727 1389 914 1439 probare,
941 1390 975 1427 si
1000 1387 1099 1439 quid
1123 1388 1379 1439 probandum

185 1459 267 1484 non
285 1451 360 1485 est.
414 1447 503 1485 Etsi
522 1447 620 1498 quid
637 1461 718 1485 non
734 1448 919 1498 probem,
937 1448 1129 1499 equidem
1144 1450 1227 1486 iam
1243 1449 1378 1486 nescio

183 1511 348 1556 praeter
359 1508 476 1544 initia
486 1520 635 1545 rerum.
688 1507 795 1545 Nam
809 1507 911 1546 haec
921 1509 964 1545 in
975 1507 1186 1546 voluntate
1197 1506 1376 1546 fuerunt.

184 1565 277 1604 Vidi
294 1569 402 1604 enim
419 1567 530 1618 (nam
546 1573 594 1605 tu
611 1568 769 1619 aberas)
787 1573 944 1606 nostros
961 1569 1109 1607 amicos
1127 1580 1277 1619 cupere
1291 1567 1377 1606 bel-

182 1624 268 1663 lum
283 1638 295 1671 ;
322 1625 428 1664 hunc
446 1631 585 1664 autem
599 1641 681 1666 non
697 1632 784 1665 tam
798 1640 962 1678 cupere,
976 1640 1100 1679 quam
1115 1641 1198 1666 non
1213 1629 1373 1666 timere.

232 1741 248 1757 ⁰
272 1736 412 1770 Alsium
434 1747 507 1770 was
535 1748 558 1770 a
586 1737 716 1779 colony
737 1748 784 1770 on
808 1737 870 1771 the
890 1740 1066 1771 sea-coast
1086 1747 1172 1770 near
1199 1737 1310 1771 Caere
1336 1737 1373 1770 in

186 1779 340 1818 Etruria,
354 1780 426 1813 and
439 1791 549 1822 many
559 1781 699 1813 Roman
713 1780 835 1813 nobles
844 1779 916 1813 had
929 1780 1029 1814 villas
1038 1780 1148 1819 there,
1160 1780 1254 1820 who,
1265 1780 1374 1822 being

187 1823 412 1865 Pompeiam,
433 1823 551 1856 would
578 1823 706 1866 hardly
734 1823 778 1856 be
804 1823 939 1857 cordial
966 1825 1003 1856 in
1030 1823 1122 1856 their
1141 1823 1308 1857 welcome
1335 1823 1376 1856 of

187 1865 393 1942 Cafsgssero
415 1921 457 1943 ex
484 1909 574 1942 lains
596 1909 741 1943 himself
757 1920 855 1942 more
875 1920 915 1943 or
934 1909 1002 1943 less
1021 1910 1059 1942 in
1077 1909 1139 1942 the
1156 1909 1373 1952 concluding

185 1951 301 1985 words
316 1952 358 1985 of
369 1953 384 1992 §
399 1955 441 1991 Ως
491 1956 530 1986 ιιι
545 1952 599 1986 his
616 1953 785 1995 meaning
800 1954 829 1985 is
845 1956 907 1986 not
922 1963 1008 1995 very
1022 1952 1128 1986 clear.

191 2008 264 2047 198
