<?xml version="1.0" encoding="UTF-8"?>
<!DOCTYPE html PUBLIC "-//W3C//DTD XHTML 1.0 Transitional//EN"
    "http://www.w3.org/TR/xhtml1/DTD/xhtml1-transitional.dtd">
<html xmlns="http://www.w3.org/1999/xhtml" xml:lang="en" lang="en">
 <head>
  <title>
</title>
<meta http-equiv="Content-Type" content="text/html;charset=utf-8" />
  <meta name='ocr-system' content='tesseract 3.04.00' />
  <meta name='ocr-capabilities' content='ocr_page ocr_carea ocr_par ocr_line ocrx_word'/>
</head>
<body>
  <div class='ocr_page' id='page_1' title='image "./letterstohisfrie02ciceuoft_0116.png"; bbox 0 0 1448 2236; ppageno 0'>
   <div class='ocr_carea' id='block_1_1' title="bbox 664 54 866 95">
    <p class='ocr_par' dir='ltr' id='par_1_1' title="bbox 664 54 866 95">
     <span class='ocr_line' id='line_1_1' title="bbox 664 54 866 95; baseline 0.01 -2"><span class='ocrx_word' id='word_1_1' title='bbox 664 54 866 95; x_wconf 84' lang='lat' dir='ltr'>CICERO</span> 
     </span>
    </p>
   </div>
   <div class='ocr_carea' id='block_1_2' title="bbox 167 155 1357 251">
    <p class='ocr_par' dir='ltr' id='par_1_2' title="bbox 167 155 1357 251">
     <span class='ocr_line' id='line_1_2' title="bbox 168 155 1357 215; baseline 0.005 -20"><span class='ocrx_word' id='word_1_2' title='bbox 168 155 372 195; x_wconf 89' lang='lat' dir='ltr'>dealbare.</span> <span class='ocrx_word' id='word_1_3' title='bbox 424 156 547 207; x_wconf 89' lang='lat' dir='ltr'>Ergo,</span> <span class='ocrx_word' id='word_1_4' title='bbox 565 162 737 207; x_wconf 83' lang='lat' dir='ltr'>patrone</span> <span class='ocrx_word' id='word_1_5' title='bbox 755 160 825 204; x_wconf 91' lang='lat' dir='ltr'>mi,</span> <span class='ocrx_word' id='word_1_6' title='bbox 844 159 950 198; x_wconf 88' lang='lat' dir='ltr'>bene</span> <span class='ocrx_word' id='word_1_7' title='bbox 968 159 1070 207; x_wconf 82' lang='lat' dir='ltr'>vale,</span> <span class='ocrx_word' id='word_1_8' title='bbox 1089 161 1357 215; x_wconf 87' lang='lat' dir='ltr'>Tironemque</span> 
     </span>
     <span class='ocr_line' id='line_1_3' title="bbox 167 209 785 251; baseline 0.005 -4"><span class='ocrx_word' id='word_1_9' title='bbox 167 223 307 248; x_wconf 88' lang='lat' dir='ltr'>meum</span> <span class='ocrx_word' id='word_1_10' title='bbox 324 209 457 248; x_wconf 83' lang='lat' dir='ltr'>saluta</span> <span class='ocrx_word' id='word_1_11' title='bbox 476 213 622 249; x_wconf 89' lang='lat' dir='ltr'>nostris</span> <span class='ocrx_word' id='word_1_12' title='bbox 639 212 785 251; x_wconf 88' lang='lat' dir='ltr'>verbis.</span> 
     </span>
    </p>
   </div>
   <div class='ocr_carea' id='block_1_3' title="bbox 705 332 822 370">
    <p class='ocr_par' dir='ltr' id='par_1_3' title="bbox 705 332 822 370">
     <span class='ocr_line' id='line_1_4' title="bbox 705 332 822 370; baseline 0.009 -1"><span class='ocrx_word' id='word_1_13' title='bbox 705 332 822 370; x_wconf 90' lang='lat' dir='ltr'>XXX</span> 
     </span>
    </p>
   </div>
   <div class='ocr_carea' id='block_1_4' title="bbox 556 439 969 467">
    <p class='ocr_par' dir='ltr' id='par_1_4' title="bbox 556 439 969 467">
     <span class='ocr_line' id='line_1_5' title="bbox 556 439 969 467; baseline 0.01 -4"><span class='ocrx_word' id='word_1_14' title='bbox 556 439 696 464; x_wconf 82' lang='lat' dir='ltr'>CICERO</span> <span class='ocrx_word' id='word_1_15' title='bbox 723 439 755 465; x_wconf 91' lang='lat' dir='ltr'>S.</span> <span class='ocrx_word' id='word_1_16' title='bbox 782 439 822 465; x_wconf 91' lang='lat' dir='ltr'>D.</span> <span class='ocrx_word' id='word_1_17' title='bbox 850 440 969 467; x_wconf 79' lang='lat' dir='ltr'>cumo</span> 
     </span>
    </p>
   </div>
   <div class='ocr_carea' id='block_1_5' title="bbox 581 512 948 552">
    <p class='ocr_par' dir='ltr' id='par_1_5' title="bbox 581 512 948 552">
     <span class='ocr_line' id='line_1_6' title="bbox 581 512 948 552; baseline 0.008 -7"><span class='ocrx_word' id='word_1_18' title='bbox 581 512 729 552; x_wconf 90' lang='lat' dir='ltr'>Romae,</span> <span class='ocrx_word' id='word_1_19' title='bbox 746 524 852 547; x_wconf 71' lang='lat' dir='ltr'>A.u.c.</span> <span class='ocrx_word' id='word_1_20' title='bbox 871 516 948 548; x_wconf 85' lang='lat'>710.</span> 
     </span>
    </p>
   </div>
   <div class='ocr_carea' id='block_1_6' title="bbox 130 581 1357 740">
    <p class='ocr_par' dir='ltr' id='par_1_6' title="bbox 130 581 1357 740">
     <span class='ocr_line' id='line_1_7' title="bbox 130 581 1357 634; baseline 0.006 -16"><span class='ocrx_word' id='word_1_21' title='bbox 130 590 147 622; x_wconf 93' lang='lat'>1</span> <span class='ocrx_word' id='word_1_22' title='bbox 218 581 306 632; x_wconf 89' lang='lat' dir='ltr'>Ego</span> <span class='ocrx_word' id='word_1_23' title='bbox 330 594 426 619; x_wconf 89' lang='lat' dir='ltr'>vero</span> <span class='ocrx_word' id='word_1_24' title='bbox 449 582 531 618; x_wconf 89' lang='lat' dir='ltr'>iam</span> <span class='ocrx_word' id='word_1_25' title='bbox 555 585 599 618; x_wconf 90' lang='lat' dir='ltr'>te</span> <span class='ocrx_word' id='word_1_26' title='bbox 624 594 699 618; x_wconf 89' lang='lat' dir='ltr'>nec</span> <span class='ocrx_word' id='word_1_27' title='bbox 724 581 861 619; x_wconf 87' lang='lat' dir='ltr'>hortor</span> <span class='ocrx_word' id='word_1_28' title='bbox 886 595 961 621; x_wconf 90' lang='lat' dir='ltr'>nec</span> <span class='ocrx_word' id='word_1_29' title='bbox 984 597 1096 634; x_wconf 89' lang='lat' dir='ltr'>rogo,</span> <span class='ocrx_word' id='word_1_30' title='bbox 1121 590 1168 623; x_wconf 90' lang='lat' dir='ltr'>ut</span> <span class='ocrx_word' id='word_1_31' title='bbox 1191 585 1357 625; x_wconf 86' lang='lat' dir='ltr'>domum</span> 
     </span>
     <span class='ocr_line' id='line_1_8' title="bbox 166 634 1356 691; baseline 0.004 -18"><span class='ocrx_word' id='word_1_32' title='bbox 166 635 308 673; x_wconf 90' lang='lat' dir='ltr'>redeas</span> <span class='ocrx_word' id='word_1_33' title='bbox 327 647 337 679; x_wconf 90' lang='lat'>;</span> <span class='ocrx_word' id='word_1_34' title='bbox 392 637 489 685; x_wconf 91' lang='lat' dir='ltr'>quin</span> <span class='ocrx_word' id='word_1_35' title='bbox 528 634 620 672; x_wconf 92' lang='lat' dir='ltr'>hinc</span> <span class='ocrx_word' id='word_1_36' title='bbox 659 637 746 685; x_wconf 87' lang='lat' dir='ltr'>ipse</span> <span class='ocrx_word' id='word_1_37' title='bbox 786 635 944 674; x_wconf 87' lang='lat' dir='ltr'>evolare</span> <span class='ocrx_word' id='word_1_38' title='bbox 983 640 1100 688; x_wconf 91' lang='lat' dir='ltr'>cupio</span> <span class='ocrx_word' id='word_1_39' title='bbox 1141 645 1185 677; x_wconf 89' lang='lat' dir='ltr'>et</span> <span class='ocrx_word' id='word_1_40' title='bbox 1223 639 1356 691; x_wconf 89' lang='lat' dir='ltr'>aliquo</span> 
     </span>
     <span class='ocr_line' id='line_1_9' title="bbox 165 701 390 740; baseline -0.009 -13"><span class='ocrx_word' id='word_1_41' title='bbox 165 701 390 740; x_wconf 88' lang='lat' dir='ltr'>pervemre,</span> 
     </span>
    </p>
   </div>
   <div class='ocr_carea' id='block_1_7' title="bbox 304 757 1223 800">
    <p class='ocr_par' dir='ltr' id='par_1_7' title="bbox 304 757 1223 800">
     <span class='ocr_line' id='line_1_10' title="bbox 304 757 1223 800; baseline 0.007 -10"><span class='ocrx_word' id='word_1_42' title='bbox 304 758 367 791; x_wconf 91' lang='lat' dir='ltr'>ubi</span> <span class='ocrx_word' id='word_1_43' title='bbox 382 768 448 791; x_wconf 85' lang='lat' dir='ltr'>nec</span> <span class='ocrx_word' id='word_1_44' title='bbox 465 757 714 800; x_wconf 84' lang='lat' dir='ltr'>Pelopidarum</span> <span class='ocrx_word' id='word_1_45' title='bbox 730 769 860 793; x_wconf 88' lang='lat' dir='ltr'>nomen</span> <span class='ocrx_word' id='word_1_46' title='bbox 876 770 941 793; x_wconf 86' lang='lat' dir='ltr'>nec</span> <span class='ocrx_word' id='word_1_47' title='bbox 955 759 1051 794; x_wconf 78' lang='lat' dir='ltr'>facta</span> <span class='ocrx_word' id='word_1_48' title='bbox 1066 761 1223 796; x_wconf 81' lang='lat' dir='ltr'><strong>audiam.</strong></span> 
     </span>
    </p>
   </div>
   <div class='ocr_carea' id='block_1_8' title="bbox 164 822 1448 1465">
    <p class='ocr_par' dir='ltr' id='par_1_8' title="bbox 164 822 1448 1465">
     <span class='ocr_line' id='line_1_11' title="bbox 168 822 1448 877; baseline 0.005 -14"><span class='ocrx_word' id='word_1_49' title='bbox 168 824 408 864; x_wconf 88' lang='lat' dir='ltr'>Incredibile</span> <span class='ocrx_word' id='word_1_50' title='bbox 442 830 518 869; x_wconf 85' lang='lat' dir='ltr'>est,</span> <span class='ocrx_word' id='word_1_51' title='bbox 551 838 673 875; x_wconf 91' lang='lat' dir='ltr'>quam</span> <span class='ocrx_word' id='word_1_52' title='bbox 705 829 879 876; x_wconf 82' lang='lat' dir='ltr'>turpiter</span> <span class='ocrx_word' id='word_1_53' title='bbox 910 827 1008 866; x_wconf 82' lang='lat' dir='ltr'>mihi</span> <span class='ocrx_word' id='word_1_54' title='bbox 1039 827 1174 867; x_wconf 88' lang='lat' dir='ltr'>facere</span> <span class='ocrx_word' id='word_1_55' title='bbox 1205 830 1356 877; x_wconf 85' lang='lat' dir='ltr'>videar,</span> <span class='ocrx_word' id='word_1_56' title='bbox 1439 822 1448 873; x_wconf 64' lang='grc' dir='ltr'>ἶ,</span> 
     </span>
     <span class='ocr_line' id='line_1_12' title="bbox 167 879 1448 931; baseline 0.005 -15"><span class='ocrx_word' id='word_1_57' title='bbox 167 882 234 931; x_wconf 90' lang='lat' dir='ltr'>qui</span> <span class='ocrx_word' id='word_1_58' title='bbox 266 879 326 917; x_wconf 90' lang='lat' dir='ltr'>his</span> <span class='ocrx_word' id='word_1_59' title='bbox 356 879 476 916; x_wconf 90' lang='lat' dir='ltr'>rebus</span> <span class='ocrx_word' id='word_1_60' title='bbox 507 881 702 917; x_wconf 79' lang='lat' dir='ltr'>intersim.</span> <span class='ocrx_word' id='word_1_61' title='bbox 755 879 818 918; x_wconf 92' lang='lat' dir='ltr'>Ne</span> <span class='ocrx_word' id='word_1_62' title='bbox 848 885 895 918; x_wconf 90' lang='lat' dir='ltr'>tu</span> <span class='ocrx_word' id='word_1_63' title='bbox 923 881 1070 920; x_wconf 88' lang='lat' dir='ltr'>videris</span> <span class='ocrx_word' id='word_1_64' title='bbox 1100 882 1229 921; x_wconf 85' lang='lat' dir='ltr'>multo</span> <span class='ocrx_word' id='word_1_65' title='bbox 1258 890 1356 923; x_wconf 84' lang='lat' dir='ltr'>ante</span> <span class='ocrx_word' id='word_1_66' title='bbox 1445 882 1448 895; x_wconf 72' lang='lat'>³</span> 
     </span>
     <span class='ocr_line' id='line_1_13' title="bbox 165 932 1356 988; baseline 0.006 -19"><span class='ocrx_word' id='word_1_67' title='bbox 165 933 399 984; x_wconf 80' lang='lat' dir='ltr'>providisse,</span> <span class='ocrx_word' id='word_1_68' title='bbox 439 932 536 982; x_wconf 84' lang='lat' dir='ltr'>quid</span> <span class='ocrx_word' id='word_1_69' title='bbox 573 932 829 982; x_wconf 87' lang='lat' dir='ltr'>impenderet</span> <span class='ocrx_word' id='word_1_70' title='bbox 866 939 969 980; x_wconf 89' lang='lat' dir='ltr'>tum,</span> <span class='ocrx_word' id='word_1_71' title='bbox 1007 948 1099 973; x_wconf 91' lang='lat' dir='ltr'>cum</span> <span class='ocrx_word' id='word_1_72' title='bbox 1137 936 1229 974; x_wconf 91' lang='lat' dir='ltr'>hinc</span> <span class='ocrx_word' id='word_1_73' title='bbox 1265 950 1356 988; x_wconf 91' lang='lat' dir='ltr'>pro-</span> 
     </span>
     <span class='ocr_line' id='line_1_14' title="bbox 166 985 1354 1038; baseline 0.004 -14"><span class='ocrx_word' id='word_1_74' title='bbox 166 986 320 1037; x_wconf 87' lang='lat' dir='ltr'>fugisti.</span> <span class='ocrx_word' id='word_1_75' title='bbox 373 985 631 1036; x_wconf 84' lang='lat' dir='ltr'>Quamquam</span> <span class='ocrx_word' id='word_1_76' title='bbox 651 985 751 1024; x_wconf 90' lang='lat' dir='ltr'>haec</span> <span class='ocrx_word' id='word_1_77' title='bbox 773 989 898 1025; x_wconf 85' lang='lat' dir='ltr'>etiam</span> <span class='ocrx_word' id='word_1_78' title='bbox 917 988 1060 1026; x_wconf 89' lang='lat' dir='ltr'>auditu</span> <span class='ocrx_word' id='word_1_79' title='bbox 1080 990 1226 1027; x_wconf 90' lang='lat' dir='ltr'>acerba</span> <span class='ocrx_word' id='word_1_80' title='bbox 1246 997 1354 1038; x_wconf 87' lang='lat' dir='ltr'>sunt,</span> 
     </span>
     <span class='ocr_line' id='line_1_15' title="bbox 166 1039 1354 1092; baseline 0.003 -14"><span class='ocrx_word' id='word_1_81' title='bbox 166 1046 306 1079; x_wconf 89' lang='lat' dir='ltr'>tamen</span> <span class='ocrx_word' id='word_1_82' title='bbox 348 1039 487 1077; x_wconf 87' lang='lat' dir='ltr'>audire</span> <span class='ocrx_word' id='word_1_83' title='bbox 530 1039 776 1078; x_wconf 86' lang='lat' dir='ltr'>tolerabilius</span> <span class='ocrx_word' id='word_1_84' title='bbox 823 1046 886 1079; x_wconf 88' lang='lat' dir='ltr'>est</span> <span class='ocrx_word' id='word_1_85' title='bbox 928 1054 1050 1092; x_wconf 88' lang='lat' dir='ltr'>quam</span> <span class='ocrx_word' id='word_1_86' title='bbox 1091 1043 1242 1082; x_wconf 89' lang='lat' dir='ltr'>videre.</span> <span class='ocrx_word' id='word_1_87' title='bbox 1306 1044 1354 1083; x_wconf 93' lang='lat' dir='ltr'>In</span> 
     </span>
     <span class='ocr_line' id='line_1_16' title="bbox 165 1092 1354 1144; baseline 0.003 -12"><span class='ocrx_word' id='word_1_88' title='bbox 165 1106 308 1144; x_wconf 88' lang='lat' dir='ltr'>campo</span> <span class='ocrx_word' id='word_1_89' title='bbox 335 1099 447 1131; x_wconf 81' lang='lat' dir='ltr'>certe</span> <span class='ocrx_word' id='word_1_90' title='bbox 475 1106 556 1130; x_wconf 89' lang='lat' dir='ltr'>non</span> <span class='ocrx_word' id='word_1_91' title='bbox 582 1092 708 1139; x_wconf 85' lang='lat' dir='ltr'>fuisti,</span> <span class='ocrx_word' id='word_1_92' title='bbox 736 1107 827 1131; x_wconf 91' lang='lat' dir='ltr'>cum</span> <span class='ocrx_word' id='word_1_93' title='bbox 855 1094 953 1133; x_wconf 91' lang='lat' dir='ltr'>hora</span> <span class='ocrx_word' id='word_1_94' title='bbox 980 1096 1156 1134; x_wconf 91' lang='lat' dir='ltr'>secunda</span> <span class='ocrx_word' id='word_1_95' title='bbox 1183 1100 1354 1142; x_wconf 88' lang='lat' dir='ltr'>comitiis</span> 
     </span>
     <span class='ocr_line' id='line_1_17' title="bbox 166 1147 1353 1201; baseline 0.004 -17"><span class='ocrx_word' id='word_1_96' title='bbox 166 1149 403 1199; x_wconf 86' lang='lat' dir='ltr'>quaestoriis</span> <span class='ocrx_word' id='word_1_97' title='bbox 441 1149 651 1192; x_wconf 88' lang='lat' dir='ltr'>institutis,</span> <span class='ocrx_word' id='word_1_98' title='bbox 689 1147 787 1185; x_wconf 89' lang='lat' dir='ltr'>sella</span> <span class='ocrx_word' id='word_1_99' title='bbox 825 1147 875 1195; x_wconf 88' lang='lat' dir='ltr'>Q.</span> <span class='ocrx_word' id='word_1_100' title='bbox 916 1148 1101 1195; x_wconf 88' lang='lat' dir='ltr'>Maximi,</span> <span class='ocrx_word' id='word_1_101' title='bbox 1139 1163 1261 1201; x_wconf 92' lang='lat' dir='ltr'>quem</span> <span class='ocrx_word' id='word_1_102' title='bbox 1298 1151 1353 1189; x_wconf 90' lang='lat' dir='ltr'>illi</span> 
     </span>
     <span class='ocr_line' id='line_1_18' title="bbox 165 1200 1353 1254; baseline 0.003 -15"><span class='ocrx_word' id='word_1_103' title='bbox 165 1200 369 1239; x_wconf 87' lang='lat' dir='ltr'>consulem</span> <span class='ocrx_word' id='word_1_104' title='bbox 399 1213 487 1238; x_wconf 90' lang='lat' dir='ltr'>esse</span> <span class='ocrx_word' id='word_1_105' title='bbox 515 1201 718 1246; x_wconf 87' lang='lat' dir='ltr'>dicebant,</span> <span class='ocrx_word' id='word_1_106' title='bbox 747 1203 879 1251; x_wconf 86' lang='lat' dir='ltr'>posita</span> <span class='ocrx_word' id='word_1_107' title='bbox 908 1208 1043 1247; x_wconf 79' lang='lat' dir='ltr'>esset3</span> <span class='ocrx_word' id='word_1_108' title='bbox 1086 1216 1166 1254; x_wconf 93' lang='lat' dir='ltr'>quo</span> <span class='ocrx_word' id='word_1_109' title='bbox 1194 1210 1353 1244; x_wconf 82' lang='lat' dir='ltr'>mortuo</span> 
     </span>
     <span class='ocr_line' id='line_1_19' title="bbox 164 1253 1352 1307; baseline 0.003 -15"><span class='ocrx_word' id='word_1_110' title='bbox 164 1257 366 1298; x_wconf 88' lang='lat' dir='ltr'>nuntiato,</span> <span class='ocrx_word' id='word_1_111' title='bbox 389 1253 486 1291; x_wconf 90' lang='lat' dir='ltr'>sella</span> <span class='ocrx_word' id='word_1_112' title='bbox 508 1253 667 1291; x_wconf 88' lang='lat' dir='ltr'>sublata</span> <span class='ocrx_word' id='word_1_113' title='bbox 691 1260 766 1292; x_wconf 87' lang='lat' dir='ltr'>est.</span> <span class='ocrx_word' id='word_1_114' title='bbox 821 1254 893 1293; x_wconf 86' lang='lat' dir='ltr'>Ille</span> <span class='ocrx_word' id='word_1_115' title='bbox 915 1261 1068 1300; x_wconf 85' lang='lat' dir='ltr'>autem,</span> <span class='ocrx_word' id='word_1_116' title='bbox 1091 1259 1160 1307; x_wconf 91' lang='lat' dir='ltr'>qui</span> <span class='ocrx_word' id='word_1_117' title='bbox 1182 1261 1352 1297; x_wconf 85' lang='lat' dir='ltr'>comitiis</span> 
     </span>
     <span class='ocr_line' id='line_1_20' title="bbox 164 1309 1352 1357; baseline 0.004 -12"><span class='ocrx_word' id='word_1_118' title='bbox 164 1309 326 1346; x_wconf 89' lang='lat' dir='ltr'>tributis</span> <span class='ocrx_word' id='word_1_119' title='bbox 363 1313 470 1345; x_wconf 86' lang='lat' dir='ltr'>esset</span> <span class='ocrx_word' id='word_1_120' title='bbox 505 1310 747 1357; x_wconf 86' lang='lat' dir='ltr'>auspicatus,</span> <span class='ocrx_word' id='word_1_121' title='bbox 782 1311 1009 1347; x_wconf 84' lang='lat' dir='ltr'>centuriata</span> <span class='ocrx_word' id='word_1_122' title='bbox 1042 1309 1212 1354; x_wconf 79' lang='lat' dir='ltr'>habuit;</span> <span class='ocrx_word' id='word_1_123' title='bbox 1260 1325 1352 1350; x_wconf 91' lang='lat' dir='ltr'>con-</span> 
     </span>
     <span class='ocr_line' id='line_1_21' title="bbox 164 1361 1352 1415; baseline 0.004 -16"><span class='ocrx_word' id='word_1_124' title='bbox 164 1361 292 1399; x_wconf 90' lang='lat' dir='ltr'>sulem</span> <span class='ocrx_word' id='word_1_125' title='bbox 340 1361 438 1398; x_wconf 88' lang='lat' dir='ltr'>hora</span> <span class='ocrx_word' id='word_1_126' title='bbox 484 1363 657 1411; x_wconf 91' lang='lat' dir='ltr'>septima</span> <span class='ocrx_word' id='word_1_127' title='bbox 702 1364 963 1408; x_wconf 86' lang='lat' dir='ltr'>renuntiavit,</span> <span class='ocrx_word' id='word_1_128' title='bbox 1010 1365 1079 1414; x_wconf 92' lang='lat' dir='ltr'>qui</span> <span class='ocrx_word' id='word_1_129' title='bbox 1125 1377 1253 1415; x_wconf 92' lang='lat' dir='ltr'>usque</span> <span class='ocrx_word' id='word_1_130' title='bbox 1299 1366 1352 1404; x_wconf 90' lang='lat' dir='ltr'>ad</span> 
     </span>
     <span class='ocr_line' id='line_1_22' title="bbox 166 1414 1350 1465; baseline 0.004 -14"><span class='ocrx_word' id='word_1_131' title='bbox 166 1415 370 1452; x_wconf 83' lang='lat' dir='ltr'>Kalendas</span> <span class='ocrx_word' id='word_1_132' title='bbox 412 1414 497 1452; x_wconf 88' lang='lat' dir='ltr'>Ian.</span> <span class='ocrx_word' id='word_1_133' title='bbox 540 1420 675 1459; x_wconf 82' lang='lat' dir='ltr'>esset3</span> <span class='ocrx_word' id='word_1_134' title='bbox 729 1428 834 1465; x_wconf 89' lang='lat' dir='ltr'>quae</span> <span class='ocrx_word' id='word_1_135' title='bbox 875 1421 991 1453; x_wconf 87' lang='lat' dir='ltr'>erant</span> <span class='ocrx_word' id='word_1_136' title='bbox 1029 1415 1192 1455; x_wconf 87' lang='lat' dir='ltr'>futurae</span> <span class='ocrx_word' id='word_1_137' title='bbox 1231 1431 1350 1457; x_wconf 89' lang='lat' dir='ltr'>mane</span> 
     </span>
    </p>
   </div>
   <div class='ocr_carea' id='block_1_9' title="bbox 186 1476 438 1483">
    <p class='ocr_par' dir='ltr' id='par_1_9' title="bbox 186 1476 438 1483">
     <span class='ocr_line' id='line_1_23' title="bbox 186 1476 438 1483; baseline 0 0"><span class='ocrx_word' id='word_1_138' title='bbox 186 1476 438 1483; x_wconf 95' lang='lat' dir='ltr'> </span> 
     </span>
    </p>
   </div>
   <div class='ocr_carea' id='block_1_10' title="bbox 166 1499 1350 1928">
    <p class='ocr_par' dir='ltr' id='par_1_10' title="bbox 168 1499 1350 1582">
     <span class='ocr_line' id='line_1_24' title="bbox 212 1499 1350 1543; baseline 0.005 -12"><span class='ocrx_word' id='word_1_139' title='bbox 212 1505 227 1520; x_wconf 76' lang='lat'>⁶</span> <span class='ocrx_word' id='word_1_140' title='bbox 249 1500 316 1536; x_wconf 82' lang='lat' dir='ltr'>i.e.,</span> <span class='ocrx_word' id='word_1_141' title='bbox 342 1499 525 1540; x_wconf 76' lang='lat' dir='ltr'>“secking</span> <span class='ocrx_word' id='word_1_142' title='bbox 548 1499 608 1532; x_wconf 89' lang='lat' dir='ltr'>the</span> <span class='ocrx_word' id='word_1_143' title='bbox 630 1499 756 1532; x_wconf 86' lang='lat' dir='ltr'>favour</span> <span class='ocrx_word' id='word_1_144' title='bbox 779 1500 820 1532; x_wconf 87' lang='lat' dir='ltr'>of</span> <span class='ocrx_word' id='word_1_145' title='bbox 842 1504 912 1533; x_wconf 89' lang='lat' dir='ltr'>two</span> <span class='ocrx_word' id='word_1_146' title='bbox 937 1505 1083 1543; x_wconf 83' lang='lat' dir='ltr'>patrous</span> <span class='ocrx_word' id='word_1_147' title='bbox 1105 1505 1143 1535; x_wconf 87' lang='lat' dir='ltr'>at</span> <span class='ocrx_word' id='word_1_148' title='bbox 1168 1503 1228 1535; x_wconf 88' lang='lat' dir='ltr'>the</span> <span class='ocrx_word' id='word_1_149' title='bbox 1252 1513 1350 1537; x_wconf 87' lang='lat' dir='ltr'>same</span> 
     </span>
     <span class='ocr_line' id='line_1_25' title="bbox 168 1542 799 1582; baseline 0 -6"><span class='ocrx_word' id='word_1_150' title='bbox 168 1544 273 1579; x_wconf 81' lang='lat' dir='ltr'>time;</span> <span class='ocrx_word' id='word_1_151' title='bbox 290 1542 311 1555; x_wconf 89' lang='lat'>’&#39;</span> <span class='ocrx_word' id='word_1_152' title='bbox 336 1542 356 1555; x_wconf 80' lang='lat'>‘⁸</span> <span class='ocrx_word' id='word_1_153' title='bbox 372 1544 514 1582; x_wconf 86' lang='lat' dir='ltr'>serving</span> <span class='ocrx_word' id='word_1_154' title='bbox 530 1545 599 1574; x_wconf 88' lang='lat' dir='ltr'>two</span> <span class='ocrx_word' id='word_1_155' title='bbox 616 1543 799 1576; x_wconf 87' lang='lat' dir='ltr'>masters.’&#39;</span> 
     </span>
    </p>

    <p class='ocr_par' dir='ltr' id='par_1_11' title="bbox 213 1585 972 1628">
     <span class='ocr_line' id='line_1_26' title="bbox 213 1585 972 1628; baseline 0.005 -12"><span class='ocrx_word' id='word_1_156' title='bbox 213 1587 226 1605; x_wconf 78' lang='lat'><em>⁶</em></span> <span class='ocrx_word' id='word_1_157' title='bbox 253 1585 429 1626; x_wconf 79' lang='lat' dir='ltr'>Probably</span> <span class='ocrx_word' id='word_1_158' title='bbox 448 1585 538 1617; x_wconf 90' lang='lat' dir='ltr'>from</span> <span class='ocrx_word' id='word_1_159' title='bbox 557 1585 616 1618; x_wconf 89' lang='lat' dir='ltr'>the</span> <span class='ocrx_word' id='word_1_160' title='bbox 633 1586 760 1628; x_wconf 73' lang='lat' dir='ltr'>Pelops</span> <span class='ocrx_word' id='word_1_161' title='bbox 778 1586 818 1619; x_wconf 88' lang='lat' dir='ltr'>of</span> <span class='ocrx_word' id='word_1_162' title='bbox 833 1587 972 1620; x_wconf 86' lang='lat' dir='ltr'>Accius.</span> 
     </span>
    </p>

    <p class='ocr_par' dir='ltr' id='par_1_12' title="bbox 166 1627 1348 1790">
     <span class='ocr_line' id='line_1_27' title="bbox 215 1627 1348 1673; baseline 0.004 -13"><span class='ocrx_word' id='word_1_163' title='bbox 215 1633 228 1649; x_wconf 81' lang='lat'>⁶</span> <span class='ocrx_word' id='word_1_164' title='bbox 251 1628 327 1661; x_wconf 90' lang='lat' dir='ltr'>The</span> <span class='ocrx_word' id='word_1_165' title='bbox 357 1627 509 1661; x_wconf 75' lang='lat' dir='ltr'>Comitia</span> <span class='ocrx_word' id='word_1_166' title='bbox 540 1628 685 1661; x_wconf 73' lang='lat' dir='ltr'>Tributa</span> <span class='ocrx_word' id='word_1_167' title='bbox 707 1632 744 1661; x_wconf 87' lang='lat' dir='ltr'>at</span> <span class='ocrx_word' id='word_1_168' title='bbox 772 1630 885 1662; x_wconf 89' lang='lat' dir='ltr'>which</span> <span class='ocrx_word' id='word_1_169' title='bbox 908 1630 967 1663; x_wconf 85' lang='lat' dir='ltr'>the</span> <span class='ocrx_word' id='word_1_170' title='bbox 990 1630 1095 1663; x_wconf 87' lang='lat' dir='ltr'>lesser</span> <span class='ocrx_word' id='word_1_171' title='bbox 1114 1632 1348 1673; x_wconf 81' lang='lat' dir='ltr'>magistrates,</span> 
     </span>
     <span class='ocr_line' id='line_1_28' title="bbox 166 1670 1347 1714; baseline 0.004 -11"><span class='ocrx_word' id='word_1_172' title='bbox 166 1674 350 1714; x_wconf 87' lang='lat' dir='ltr'>quaestors</span> <span class='ocrx_word' id='word_1_173' title='bbox 370 1670 443 1704; x_wconf 85' lang='lat' dir='ltr'>and</span> <span class='ocrx_word' id='word_1_174' title='bbox 464 1671 634 1709; x_wconf 82' lang='lat' dir='ltr'>tribunes,</span> <span class='ocrx_word' id='word_1_175' title='bbox 656 1683 746 1704; x_wconf 89' lang='lat' dir='ltr'>were</span> <span class='ocrx_word' id='word_1_176' title='bbox 768 1672 912 1711; x_wconf 88' lang='lat' dir='ltr'>elected,</span> <span class='ocrx_word' id='word_1_177' title='bbox 934 1673 1089 1706; x_wconf 85' lang='lat' dir='ltr'>whereas</span> <span class='ocrx_word' id='word_1_178' title='bbox 1113 1674 1254 1708; x_wconf 90' lang='lat' dir='ltr'>consuls</span> <span class='ocrx_word' id='word_1_179' title='bbox 1275 1675 1347 1708; x_wconf 88' lang='lat' dir='ltr'>and</span> 
     </span>
     <span class='ocr_line' id='line_1_29' title="bbox 166 1713 1122 1790; baseline 0.003 -44"><span class='ocrx_word' id='word_1_180' title='bbox 166 1718 324 1790; x_wconf 48' lang='lat' dir='ltr'><strong>prffeffgs</strong></span> <span class='ocrx_word' id='word_1_181' title='bbox 342 1725 431 1790; x_wconf 41' lang='lat' dir='ltr'>wiegre</span> <span class='ocrx_word' id='word_1_182' title='bbox 446 1713 579 1746; x_wconf 88' lang='lat' dir='ltr'>elected</span> <span class='ocrx_word' id='word_1_183' title='bbox 597 1718 634 1747; x_wconf 87' lang='lat' dir='ltr'>at</span> <span class='ocrx_word' id='word_1_184' title='bbox 651 1714 710 1747; x_wconf 88' lang='lat' dir='ltr'>the</span> <span class='ocrx_word' id='word_1_185' title='bbox 732 1714 884 1748; x_wconf 75' lang='lat' dir='ltr'>Comitia</span> <span class='ocrx_word' id='word_1_186' title='bbox 903 1715 1122 1749; x_wconf 76' lang='lat' dir='ltr'>centuriata.</span> 
     </span>
    </p>

    <p class='ocr_par' dir='ltr' id='par_1_13' title="bbox 309 1767 732 1790">
     <span class='ocr_line' id='line_1_30' title="bbox 309 1767 732 1790; baseline -0.002 0"><span class='ocrx_word' id='word_1_187' title='bbox 309 1768 355 1790; x_wconf 93' lang='lat' dir='ltr'>ou</span> <span class='ocrx_word' id='word_1_188' title='bbox 424 1767 501 1789; x_wconf 66' lang='lat' dir='ltr'>Am.</span> <span class='ocrx_word' id='word_1_189' title='bbox 730 1780 732 1782; x_wconf 53' lang='lat'>&gt;</span> 
     </span>
    </p>

    <p class='ocr_par' dir='ltr' id='par_1_14' title="bbox 166 1800 1347 1928">
     <span class='ocr_line' id='line_1_31' title="bbox 213 1800 1347 1840; baseline 0.004 -8"><span class='ocrx_word' id='word_1_190' title='bbox 213 1806 225 1821; x_wconf 83' lang='lat'><strong><em>⁶</em></strong></span> <span class='ocrx_word' id='word_1_191' title='bbox 249 1800 294 1840; x_wconf 83' lang='lat' dir='ltr'>Q.</span> <span class='ocrx_word' id='word_1_192' title='bbox 309 1800 440 1833; x_wconf 87' lang='lat' dir='ltr'>Fabius</span> <span class='ocrx_word' id='word_1_193' title='bbox 454 1800 633 1832; x_wconf 87' lang='lat' dir='ltr'>Maximus</span> <span class='ocrx_word' id='word_1_194' title='bbox 644 1810 716 1832; x_wconf 88' lang='lat' dir='ltr'>was</span> <span class='ocrx_word' id='word_1_195' title='bbox 727 1800 859 1833; x_wconf 78' lang='lat' dir='ltr'>elected</span> <span class='ocrx_word' id='word_1_196' title='bbox 870 1801 992 1834; x_wconf 91' lang='lat' dir='ltr'>consul</span> <span class='ocrx_word' id='word_1_197' title='bbox 1004 1801 1087 1834; x_wconf 90' lang='lat' dir='ltr'>with</span> <span class='ocrx_word' id='word_1_198' title='bbox 1100 1801 1140 1834; x_wconf 89' lang='lat' dir='ltr'>C.</span> <span class='ocrx_word' id='word_1_199' title='bbox 1151 1801 1347 1836; x_wconf 91' lang='lat' dir='ltr'>Trebonius</span> 
     </span>
     <span class='ocr_line' id='line_1_32' title="bbox 166 1842 1347 1885; baseline 0.002 -9"><span class='ocrx_word' id='word_1_200' title='bbox 166 1843 215 1885; x_wconf 90' lang='lat' dir='ltr'>by</span> <span class='ocrx_word' id='word_1_201' title='bbox 228 1843 369 1881; x_wconf 88' lang='lat' dir='ltr'>Caesar,</span> <span class='ocrx_word' id='word_1_202' title='bbox 382 1854 428 1875; x_wconf 93' lang='lat' dir='ltr'>on</span> <span class='ocrx_word' id='word_1_203' title='bbox 442 1843 495 1875; x_wconf 83' lang='lat' dir='ltr'>his</span> <span class='ocrx_word' id='word_1_204' title='bbox 507 1846 625 1875; x_wconf 84' lang='lat' dir='ltr'>return</span> <span class='ocrx_word' id='word_1_205' title='bbox 637 1842 729 1875; x_wconf 88' lang='lat' dir='ltr'>from</span> <span class='ocrx_word' id='word_1_206' title='bbox 743 1843 866 1885; x_wconf 91' lang='lat' dir='ltr'>Spain,</span> <span class='ocrx_word' id='word_1_207' title='bbox 879 1843 934 1876; x_wconf 86' lang='lat' dir='ltr'>for</span> <span class='ocrx_word' id='word_1_208' title='bbox 946 1844 1006 1877; x_wconf 88' lang='lat' dir='ltr'>the</span> <span class='ocrx_word' id='word_1_209' title='bbox 1017 1844 1085 1877; x_wconf 88' lang='lat' dir='ltr'>last</span> <span class='ocrx_word' id='word_1_210' title='bbox 1095 1845 1193 1878; x_wconf 84' lang='lat' dir='ltr'>three</span> <span class='ocrx_word' id='word_1_211' title='bbox 1206 1846 1347 1878; x_wconf 85' lang='lat' dir='ltr'>months</span> 
     </span>
     <span class='ocr_line' id='line_1_33' title="bbox 166 1885 1345 1928; baseline 0.003 -10"><span class='ocrx_word' id='word_1_212' title='bbox 166 1886 206 1919; x_wconf 86' lang='lat' dir='ltr'>of</span> <span class='ocrx_word' id='word_1_213' title='bbox 228 1889 285 1918; x_wconf 85' lang='lat'>45.</span> <span class='ocrx_word' id='word_1_214' title='bbox 333 1886 402 1918; x_wconf 89' lang='lat' dir='ltr'>For</span> <span class='ocrx_word' id='word_1_215' title='bbox 426 1886 486 1918; x_wconf 88' lang='lat' dir='ltr'>the</span> <span class='ocrx_word' id='word_1_216' title='bbox 511 1885 703 1928; x_wconf 85' lang='lat' dir='ltr'>preceding</span> <span class='ocrx_word' id='word_1_217' title='bbox 727 1888 810 1919; x_wconf 92' lang='lat' dir='ltr'>nine</span> <span class='ocrx_word' id='word_1_218' title='bbox 836 1887 978 1920; x_wconf 85' lang='lat' dir='ltr'>months</span> <span class='ocrx_word' id='word_1_219' title='bbox 1004 1886 1134 1921; x_wconf 82' lang='lat' dir='ltr'>Caesar</span> <span class='ocrx_word' id='word_1_220' title='bbox 1160 1888 1231 1921; x_wconf 88' lang='lat' dir='ltr'>had</span> <span class='ocrx_word' id='word_1_221' title='bbox 1257 1889 1345 1921; x_wconf 85' lang='lat' dir='ltr'>been</span> 
     </span>
    </p>
   </div>
   <div class='ocr_carea' id='block_1_11' title="bbox 164 1928 691 1971">
    <p class='ocr_par' dir='ltr' id='par_1_15' title="bbox 164 1928 691 1971">
     <span class='ocr_line' id='line_1_34' title="bbox 164 1928 691 1971; baseline 0 -9"><span class='ocrx_word' id='word_1_222' title='bbox 164 1929 288 1962; x_wconf 85' lang='lat' dir='ltr'>consul</span> <span class='ocrx_word' id='word_1_223' title='bbox 302 1929 450 1962; x_wconf 89' lang='lat' dir='ltr'>without</span> <span class='ocrx_word' id='word_1_224' title='bbox 463 1940 484 1962; x_wconf 83' lang='lat' dir='ltr'>a</span> <span class='ocrx_word' id='word_1_225' title='bbox 499 1928 691 1971; x_wconf 87' lang='lat' dir='ltr'>colleague.</span> 
     </span>
    </p>
   </div>
   <div class='ocr_carea' id='block_1_12' title="bbox 168 1979 218 2018">
    <p class='ocr_par' dir='ltr' id='par_1_16' title="bbox 168 1979 218 2018">
     <span class='ocr_line' id='line_1_35' title="bbox 168 1979 218 2018; baseline 0 0"><span class='ocrx_word' id='word_1_226' title='bbox 168 1979 218 2018; x_wconf 89' lang='lat'>86</span> 
     </span>
    </p>
   </div>
  </div>
 </body>
</html>
