1448 2236
651 54 853 94 CICERO

153 160 348 206 homines,
386 173 507 211 quam
543 158 762 210 probabilis
796 161 1016 197 necessitas
1050 157 1188 197 futura
1225 164 1346 205 esset,

154 246 295 272 vereor
316 235 442 271 etiam
461 245 568 270 nunc
585 244 596 278 3
630 244 766 282 neque
785 233 894 282 prius
916 231 1098 270 desinam
1117 231 1347 277 formidare,

115 311 138 344 2
155 319 279 358 quam
314 309 500 357 tetigisse
537 311 581 343 te
618 304 781 343 Italiam
818 304 996 343 audiero.
1048 303 1130 343 Sed
1165 301 1234 343 de*
1254 304 1348 342 Par-

155 379 318 418 thorum
348 381 522 417 transitu
551 381 683 416 nuntii
712 379 841 416 varios
870 390 1076 416 sermones
1106 379 1347 415 excitarunt.

156 452 271 491 Alius
307 455 414 491 enim
449 451 687 502 Pompeium
721 450 983 496 mittendum,
1016 450 1117 488 alius
1150 451 1203 488 ab
1232 450 1348 488 Urbe

157 525 397 576 Pompeium
428 539 510 564 non
541 524 846 569 removendum,
878 523 979 562 alius
1011 522 1228 561 Caesarem
1257 537 1349 562 cum

158 611 230 637 suo
259 601 455 643 exercitu,
485 597 584 635 alius
614 596 810 640 consules,
839 610 960 635 nemo
987 601 1129 634 tamen
1157 608 1208 634 ex
1236 609 1350 634 sena-

158 677 225 710 tus
249 671 432 709 consulto
455 673 646 721 privatos.
700 669 893 708 Consules
916 675 1070 715 autem,
1094 671 1190 720 quia
1211 682 1349 708 veren-

159 750 240 790 tur,
276 758 330 782 ne
365 743 463 782 illud
499 749 664 782 senatus
701 742 929 781 consultum
965 741 1050 787 fiat,
1087 747 1135 780 ut
1169 741 1350 792 paludati

161 823 326 862 exeant,
359 822 402 855 et
434 815 724 854 contumeliose
745 820 910 866 praeter
933 813 1018 852 eos1
1049 814 1103 852 ad
1134 813 1255 851 alium
1286 827 1350 852 res

160 889 442 935 transferatur,
470 891 631 927 omnino
659 894 846 926 senatum
873 887 1013 925 haberi
1039 886 1196 932 nolunt,
1223 899 1350 937 usque

163 976 211 1001 eo
234 969 281 1001 ut
303 976 446 1013 parum
471 962 687 1013 diligentes
710 964 752 999 in
774 959 980 1011 republica
1002 960 1243 1005 videantur3
1278 959 1350 998 sed

162 1036 347 1081 honeste,
373 1038 456 1073 sive
481 1034 757 1086 neglegentia,
783 1036 866 1072 sive
891 1035 1037 1071 inertia
1063 1038 1139 1077 est,
1164 1034 1247 1070 sive
1271 1031 1350 1078 ille,

163 1123 286 1161 quem
312 1111 515 1160 proposui,
543 1113 691 1153 metus,
719 1107 823 1144 latet
851 1107 926 1144 sub
954 1106 1028 1144 hac
1056 1108 1350 1155 temperantiae

164 1185 463 1221 existimatione
494 1180 600 1218 nolle
629 1182 887 1231 provinciam.
940 1179 979 1217 A
1007 1184 1052 1217 te
1081 1178 1244 1216 litterae
1271 1191 1351 1216 non

162 1260 375 1300 venerunt,
397 1260 453 1300 et,
473 1256 547 1291 nisi
568 1253 751 1291 Deiotari
772 1253 1012 1291 subsecutae
1034 1257 1182 1296 essent,
1202 1253 1243 1288 in
1262 1264 1352 1288 eam

163 1331 394 1380 opinionem
413 1327 570 1365 Cassius
589 1326 793 1372 veniebat,
813 1338 918 1376 quae
937 1325 1166 1375 diripuisset
1189 1326 1288 1374 ipse,
1305 1329 1352 1362 ut

163 1402 398 1440 viderentur
413 1401 465 1438 ab
479 1400 596 1438 hoste
610 1405 784 1444 vastata,
799 1398 961 1436 finxisse
975 1397 1127 1435 bellum
1142 1402 1185 1434 et
1199 1397 1352 1435 Arabas

164 1477 206 1513 in
225 1476 471 1525 provinciam
491 1475 702 1510 immisisse
725 1484 874 1522 eosque
896 1470 1065 1508 Parthos
1088 1482 1175 1507 esse
1196 1472 1353 1507 senatui

165 1550 430 1586 renuntiasse.
486 1545 622 1593 Quare
642 1546 716 1583 tibi
737 1544 901 1589 suadeo,
921 1538 1165 1594 quicumque
1185 1547 1247 1580 est
1266 1545 1353 1580 istic

165 1626 297 1658 status
321 1632 469 1663 rerum,
495 1617 712 1668 diligenter
736 1623 780 1655 et
804 1622 923 1654 caute
947 1615 1183 1666 perscribas,
1207 1627 1259 1652 ne
1282 1620 1354 1653 aut

215 1705 228 1724 ¹
255 1705 368 1744 Cobet,
391 1704 589 1746 suspectiny
619 1713 678 1735 eos
704 1703 812 1735 where
841 1712 879 1734 se
907 1701 1023 1734 wwld
1051 1699 1089 1734 be
1116 1711 1210 1734 more
1238 1701 1352 1738 usual,

173 1753 329 1790 suyywts
362 1750 502 1790 praeter
534 1756 586 1783 os,
618 1745 763 1787 “before
794 1744 882 1777 their
908 1744 1006 1786 faces
1019 1743 1040 1757 ''
1055 1756 1070 1783 ,·
1102 1743 1161 1776 but
1189 1742 1353 1776 Lebreton

172 1796 289 1834 quotes
305 1791 437 1824 several
453 1790 594 1823 similar
609 1789 782 1821 instance-⁹
790 1787 890 1829 from
910 1786 1028 1819 Cicero
1044 1785 1194 1827 himself.

218 1889 234 1905 ⁸
258 1886 325 1923 i.e.‚
342 1886 401 1918 the
422 1888 585 1926 pretence
605 1883 683 1916 that
702 1882 787 1924 they
802 1882 862 1914 did
886 1885 946 1914 not
967 1884 1061 1913 want
1081 1884 1118 1913 to
1139 1891 1186 1922 go
1205 1880 1354 1913 because

171 1928 256 1971 they
273 1929 345 1961 had
363 1939 409 1961 no
425 1927 558 1970 greedy
575 1926 747 1960 ambition
763 1925 819 1959 for
835 1925 990 1967 military
1006 1924 1173 1957 honours.

178 1985 254 2019 150

1437 1687 1448 1696 <a
1442 1658 1448 1667 Α.
1446 1646 1448 1651 .
1438 1554 1448 1635 «“.Λ.-,
1436 1427 1448 1547 ..αι-ὼ.-
