1448 2236
699 38 900 84 CICERO

204 148 447 192 pervenerat
470 142 710 180 Hortensius
734 142 787 180 ad
809 147 1092 187 senectutem;
1129 142 1203 181 sed
1224 147 1312 180 tum
1335 143 1392 179 ita
1430 187 1432 190 .

205 196 324 241 bene,
342 201 390 234 ut
406 199 448 233 in
464 201 596 234 totam
613 198 739 234 vitam
756 198 878 234 cuivis
896 198 994 234 satis
1012 200 1133 241 esset,
1151 201 1195 233 et
1210 198 1392 246 poenite-

166 254 186 286 2
203 255 268 287 ret
297 262 391 287 eum
420 252 501 287 iam
529 252 682 287 vicisse.
737 249 802 287 De
829 248 1035 300 republica
1059 248 1170 300 quod
1196 249 1272 287 tibi
1300 251 1392 287 scri-

203 303 312 348 bam,
327 303 425 340 nihil
443 303 588 341 habeo.
644 302 826 341 Marcelli
844 305 1021 353 impetus
1039 303 1292 347 resederunt,
1310 315 1391 340 non

203 359 361 402 inertia,
379 356 452 395 sed
469 357 533 408 (ut
549 357 646 394 mihi
664 356 892 408 videbatur)
909 356 1085 394 consilio.
1139 356 1204 394 De
1221 358 1390 394 comitiis

202 410 474 448 consularibus
491 413 756 448 incertissima
774 416 836 448 est
854 412 1112 448 existimatio.
1165 410 1254 460 Ego
1270 410 1390 448 incidi

202 467 244 501 in
258 467 567 514 competitorem
583 464 759 502 nobilem
776 470 819 502 et
834 463 1011 502 nobilem
1025 469 1231 515 agentem.
1285 463 1390 501 Nam
1434 481 1435 484 ¹

204 517 263 556 M.
293 518 498 563 Octavius,
526 517 599 556 Cn.
628 517 744 563 filius,
773 523 816 556 et
843 517 888 556 C.
916 517 1058 555 Hirrus
1085 530 1244 555 mecum
1269 519 1389 567 petit.
1436 516 1440 523 ⁷

202 571 290 609 Hoc
304 572 395 609 ideo
409 574 559 622 scripsi,
574 571 682 622 quod
695 574 789 616 scio,
802 577 846 609 te
859 573 1018 616 acriter,
1031 576 1198 621 propter
1211 570 1389 616 Hirrum,
1432 607 1434 609 .

201 628 389 663 nuntium
410 631 637 668 nostrorum
659 627 912 663 comitiorum
933 629 1276 675 exspectaturum.
1327 623 1390 661 Tu

201 684 341 717 tamen
357 679 476 716 simul
491 692 538 717 ac
554 692 621 717 me
637 679 896 730 designatum
911 678 1099 723 audieris,
1116 683 1163 715 ut
1179 678 1253 715 tibi
1269 690 1389 715 curae

201 735 266 778 sit,
295 733 403 783 quod
429 733 483 771 ad
508 732 727 783 pantheras
755 734 919 777 attinet,
946 745 1056 783 rogo.
1109 730 1389 782 Syngrapham
1432 730 1435 760 ἶ

200 786 417 824 Sittianam
429 787 502 824 tibi
515 786 767 824 commendo.
820 785 1166 823 Commentarium
1177 797 1313 822 rerum
1325 797 1388 821 ur-

200 840 396 878 banarum
413 842 588 890 primum
607 840 700 878 dedi
722 839 768 877 L.
789 839 987 878 Castrinio
1007 838 1149 883 Paeto,
1167 837 1389 876 secundum
1445 886 1448 889 -

200 895 252 939 ei,
270 896 339 944 qui
357 893 429 932 has
447 893 604 932 litteras
622 894 696 931 tibi
715 893 842 931 dedit.

763 1033 827 1071 III

580 1154 738 1179 CAELIUS
766 1153 949 1178 CICERONI
974 1151 1008 1180 S.

613 1244 760 1282 Romae,
777 1253 883 1276 A.u.c.
901 1245 979 1275 703.

170 1334 187 1368 1
259 1329 417 1368 Estne?
453 1329 562 1367 vici?
601 1334 644 1366 et
669 1329 743 1365 tibi
770 1340 906 1378 saepe,
932 1326 1042 1377 quod
1066 1338 1237 1377 negaras
1262 1325 1387 1363 disce-
1442 1317 1448 1356 ἶ

198 1384 298 1422 dens
321 1388 554 1421 curaturum
576 1383 664 1427 tibi,
687 1381 844 1420 litteras
866 1383 985 1418 mitto
1003 1381 1018 1417 ?
1057 1380 1145 1425 Est,
1167 1382 1200 1417 si
1223 1379 1387 1430 quidem
1446 1415 1448 1419 .

198 1436 471 1488 perferuntur,
512 1449 611 1487 quas
652 1436 717 1474 do.
772 1435 910 1485 Atque
950 1433 1026 1472 hoc
1067 1446 1115 1471 eo
1155 1432 1386 1483 diligentius
1444 1443 1448 1473 3

198 1490 355 1536 factito,
375 1490 496 1541 quod,
517 1503 609 1534 curn
637 1492 788 1527 otiosus
814 1501 916 1533 sum,
941 1487 1076 1538 plane,
1096 1487 1165 1524 ubi
1185 1485 1387 1524 delectem
1439 1533 1448 1540 ε

199 1544 367 1582 otiolum
398 1556 550 1588 meum,
575 1551 657 1581 non
681 1542 826 1580 habeo.
878 1541 939 1579 Tu
972 1554 1065 1578 cum
1097 1539 1251 1578 Romae
1284 1551 1386 1583 eras,
1445 1560 1448 1575 i

198 1598 273 1636 hoc
292 1597 389 1635 mihi
407 1602 565 1635 certum
585 1610 631 1634 ac
650 1596 980 1634 iucundissimum
999 1595 1156 1632 vacanti
1176 1594 1386 1644 negotium

248 1679 264 1694 ⁰
287 1675 356 1708 For
371 1674 499 1707 Hirrus
516 1684 573 1707 see
589 1674 623 1705 ii.
640 1676 661 1706 9
677 1673 749 1705 and
769 1675 820 1705 10.

249 1718 263 1738 ὓ
287 1717 427 1751 Caelius
449 1727 521 1750 was
543 1718 691 1749 anxious
713 1719 750 1748 to
772 1718 833 1757 get
853 1715 952 1747 these
973 1713 1123 1747 animals
1138 1713 1194 1746 for
1207 1713 1268 1745 the
1283 1723 1385 1745 vena·
1444 1729 1448 1739 π

203 1761 312 1795 tiones
329 1763 365 1794 in
381 1761 442 1794 the
457 1770 580 1803 games
596 1760 640 1793 he
656 1769 728 1791 was
744 1759 868 1800 giving
882 1768 922 1790 as
938 1757 1062 1790 aedile.

250 1809 263 1826 ⁶
288 1804 499 1847 Synyrapha
513 1813 586 1836 was
600 1813 622 1835 a
638 1803 775 1835 written
790 1801 900 1839 bond,
917 1799 1043 1842 signed
1065 1799 1114 1841 by
1129 1798 1217 1832 both
1239 1800 1383 1840 parties,

202 1846 289 1880 used
330 1848 366 1880 in
404 1847 640 1889 negotiations
677 1845 835 1878 between
874 1843 1034 1876 Romans
1069 1841 1142 1875 and
1178 1841 1383 1883 foreigners.
1444 1847 1448 1852 ·

202 1890 338 1929 Sittius,
350 1889 527 1966 prlobably
539 1887 709 1922 Caelius’s
723 1890 843 1930 agent,
852 1885 935 1920 held
950 1885 1037 1919 such
1051 1896 1074 1918 a
1084 1883 1182 1918 bond
1190 1884 1246 1918 for
1255 1895 1382 1926 money

200 1934 319 1975 owing
333 1937 370 1966 to
412 1934 473 1965 im.
1196 1932 1206 1937 '⁴

207 1975 281 2015 106
