1448 2236
709 61 910 101 CICERO
927 55 930 57 Α

213 181 313 219 quos
333 169 496 220 ingenio
517 167 796 219 industriaque
817 148 987 218 fregisti.
1040 165 1159 205 Nunc
1178 177 1247 204 me
1267 177 1402 203 aman-

213 241 413 277 tissimum
430 241 506 283 tui,
523 240 675 277 nemini
692 238 999 282 concedentem,
1017 239 1087 288 qui
1103 236 1180 275 tibi
1195 239 1403 274 vetustate

213 309 520 347 necessitudinis
550 310 683 359 potior
714 310 842 359 possit
874 320 976 353 esse,
1003 308 1036 345 si
1064 306 1217 351 audieS,
1242 317 1404 344 omnem

214 380 290 418 tibi
311 379 493 430 reliquae
514 382 624 418 vitae
646 379 891 430 dignitatem
913 390 965 417 ex
986 380 1141 428 optimo
1160 375 1404 427 reipublicae

176 454 196 487 3
215 455 326 488 statu
351 451 546 501 acquires.
600 449 683 487 Scis
706 448 889 500 profecto
914 447 1029 500 (nihil
1053 449 1160 486 enim
1193 452 1237 485 te
1261 444 1404 497 fugere

214 520 380 572 potuit),
395 519 519 558 fuisse
539 520 744 571 quoddam
763 525 941 570 tempus,
956 531 1048 556 cum
1067 517 1249 555 homines
1269 518 1405 554 existi-

213 597 375 629 marent
386 597 430 629 te
442 593 559 628 nimis
572 593 721 629 servire
732 590 983 641 temporibus
1000 601 1011 634 3
1033 588 1142 639 quod
1155 601 1231 639 ego
1243 599 1404 638 quoque

214 664 504 707 existimarem,
522 667 567 700 te
586 664 618 699 si
640 674 702 707 ea,
723 673 829 711 quae
846 660 1072 711 patiebare,
1089 658 1261 709 probare
1281 659 1405 695 etiam

216 732 445 771 arbitrarer.
499 730 581 770 Sed
602 745 695 770 cum
720 731 1017 782 intellegerem,
1035 729 1135 780 quid
1159 730 1344 773 sentires,
1360 732 1405 765 te

216 803 441 842 arbitrabar
463 802 615 847 videre,
640 802 739 853 quid
759 813 911 852 posses.
964 799 1082 838 Nunc
1104 799 1183 837 alia
1202 801 1307 837 ratio
1329 802 1405 836 est.

215 873 409 912 Omnium
435 886 571 911 rerum
599 878 716 911 tuum
744 872 935 910 iudicium
965 876 1041 916 est,
1068 869 1194 920 idque
1220 868 1405 907 liberum.

218 943 367 982 Consul
385 956 428 982 es
446 943 682 994 designatus
700 944 855 993 optima
873 946 1026 987 aetate,
1043 952 1202 978 summa
1218 938 1407 990 eloquen—

215 1017 288 1059 tia,
310 1017 352 1052 in
374 1016 553 1052 maxima
582 1014 759 1052 orbitate
787 1011 1034 1063 reipublicae
1055 1013 1230 1049 virorum
1251 1009 1406 1048 talium.

217 1084 427 1130 Incumbe,
453 1097 529 1135 per
564 1084 661 1122 deos
697 1082 959 1128 immortales,
989 1083 1033 1120 in
1069 1094 1160 1119 eam
1194 1092 1331 1118 curam
1365 1084 1408 1117 et

220 1157 528 1207 cogitationem,
572 1168 677 1205 quae
720 1154 796 1192 tibi
839 1165 1039 1192 summam
1080 1152 1324 1203 dignitatem
1365 1155 1409 1188 et

217 1226 387 1277 gloriam
425 1224 580 1263 afferat.
635 1223 751 1262 Unus
785 1228 924 1262 autem
957 1228 1034 1267 est,
1065 1221 1140 1260 hoc
1170 1221 1410 1272 praesertim

218 1302 405 1347 tempore
416 1308 492 1347 per
503 1300 567 1334 tot
581 1308 706 1333 annos
719 1294 927 1345 republica
938 1293 1155 1337 devexata,
1165 1290 1410 1342 reipublicae

179 1373 200 1403 4
218 1367 325 1405 bene
365 1366 572 1417 gere'ndae
614 1378 750 1403 cursus
793 1364 845 1402 ad
884 1363 1065 1415 gloriam.
1119 1361 1233 1400 Haec
1273 1372 1409 1398 amore

217 1439 347 1488 magis
366 1436 561 1487 impulsus
581 1435 793 1474 scribenda
814 1434 866 1472 ad
884 1439 928 1472 te
947 1434 1103 1484 putavi,
1123 1444 1247 1482 quam
1266 1444 1346 1482 quo
1365 1435 1409 1468 te

219 1508 437 1545 arbitrarer
476 1509 640 1544 monitis
683 1511 727 1544 et
766 1506 995 1556 praeceptis
1038 1515 1172 1554 egere.
1225 1500 1410 1539 Sciebam

220 1580 328 1616 enim
353 1590 404 1615 ex
427 1576 571 1615 iisdem
594 1582 639 1614 te
662 1575 764 1614 haec
787 1575 948 1613 haurire
971 1573 1166 1619 fontibus,
1190 1585 1241 1610 ex
1265 1571 1410 1622 quibus

218 1651 306 1699 ipse
330 1647 557 1686 hauseram.
612 1646 749 1693 Quare
777 1645 943 1684 modum
970 1643 1129 1682 faciam.
1182 1641 1299 1680 Nunc
1321 1646 1411 1679 tan-

218 1724 308 1757 tum
342 1717 649 1769 significandum
684 1718 839 1767 putavi,
873 1721 920 1753 ut
952 1717 1089 1765 potius
1123 1724 1302 1751 amorem
1335 1711 1410 1749 tibi

220 1788 480 1828 ostenderem
512 1801 664 1832 meum,
699 1799 821 1837 quam
855 1790 1105 1824 ostentarem
1137 1782 1410 1834 prudentiam.

518 1954 535 1971 ⁰
559 1950 628 1988 i.e.,
643 1948 702 1982 the
718 1947 825 1990 study
840 1947 881 1981 of
892 1945 1114 1990 philosophy.

226 2005 300 2047 298
