1448 2236
667 58 867 97 CICERO
923 84 925 86 -

173 162 360 212 copiolas.
403 161 468 200 Sic
487 165 595 200 enim
613 175 708 200 vere
727 175 795 201 eas
813 161 1018 213 appellare
1034 175 1212 213 possum.
1254 161 1359 200 Sunt

173 218 532 254 extenuatissimae
566 221 609 254 et
640 218 794 266 inopia*
808 219 987 254 omnium
1018 229 1154 254 rerum
1185 217 1358 266 pessime

172 275 379 320 acceptae.
435 270 564 308 Biduo
594 283 661 307 me
691 271 893 308 Antonius
923 272 1169 315 antecessit3
1213 271 1360 307 itinera

171 322 270 362 fecit
291 323 420 362 multo
440 327 592 361 maiora
612 323 786 375 fugiens,
808 337 931 375 quam
953 337 1030 375 ego
1051 335 1238 374 sequens.
1286 321 1360 360 Ille

174 380 282 415 enim
316 380 364 415 iit
397 381 560 428 passim,
597 390 674 429 ego
709 377 938 416 ordinatim.
998 377 1265 428 Quacumque
1297 378 1359 420 iit,

173 431 377 483 ergastula
391 431 522 476 solvit,
536 431 719 470 homines
732 434 914 483 arripuit.
955 430 1148 469 Constitit
1161 442 1359 481 nusquam

171 488 294 535 prius,
320 499 443 536 quam
472 485 526 523 ad
556 485 672 523 Vada
703 487 829 531 venit,
855 497 977 536 quem
1000 484 1133 523 locum
1164 483 1254 522 volo
1283 483 1359 521 tibi

173 551 260 577 esse
288 545 444 577 notum.
490 539 604 577 Iacet
630 542 737 577 inter
765 539 1026 589 Apenninum
1054 544 1097 576 et
1125 537 1263 588 Alpes,
1287 539 1360 574 im-

131 598 152 630 3
169 593 442 644 peditissimus
474 593 528 631 ad
558 595 637 631 iter
667 592 912 631 faciendum.
963 591 1067 630 Cum
1097 592 1282 630 abessem
1306 590 1359 627 ab

172 660 220 685 eo
245 646 355 685 milia
376 660 568 698 passuum
590 649 759 698 triginta
783 652 826 684 et
849 659 893 685 se
915 649 997 684 iam
1028 645 1241 684 Ventidius
1268 656 1359 682 con-

170 703 380 745 iunxisset,
399 703 534 739 contio
559 703 642 738 eius
662 700 716 739 ad
733 713 800 738 me
821 706 883 738 est
901 700 1038 746 allata,
1056 702 1099 738 in
1114 711 1195 750 qua
1215 703 1359 750 petere

169 758 304 805 coepit
331 768 357 792 a
383 755 591 800 militibus,
620 761 667 793 ut
698 767 742 792 se
773 760 885 792 trans
913 754 1038 804 Alpes
1065 757 1358 804 sequerentur3

170 810 244 847 sibi
272 822 364 846 cum
393 809 454 846 M.
484 808 639 859 Lepido
666 811 893 846 convenire.
953 807 1251 846 succlamatum
1282 810 1358 849 est,

171 868 214 900 et
232 862 470 914 frequenter
488 876 513 899 a
531 862 724 900 militibus
739 862 990 900 Ventidianis
1006 861 1117 912 (nam
1135 872 1227 898 suos
1241 858 1358 897 valde

170 929 293 967 quam
306 929 455 967 paucos
469 916 625 967 habet),
641 916 715 953 sibi
730 921 802 953 aut
814 918 857 953 in
871 914 990 953 Italia
1003 913 1256 965 pereundum
1271 924 1358 950 esse

170 976 243 1008 aut
267 970 537 1023 vincendum3
578 975 621 1008 et
646 983 760 1008 orare
784 975 1021 1020 coeperunt,
1046 974 1093 1006 ut
1118 967 1358 1005 Pollentiam

169 1027 248 1062 iter
282 1023 478 1062 facerent.
540 1023 643 1061 Cum
678 1026 877 1061 sustinere
913 1035 981 1061 eos
1016 1035 1098 1060 non
1131 1026 1282 1072 posset,
1315 1021 1357 1056 in

131 1084 151 1114 4
169 1083 378 1128 posterum
412 1078 520 1116 diem
554 1080 633 1115 iter
666 1090 783 1115 suum
817 1076 1001 1115 contulit.
1061 1075 1150 1113 Hac
1182 1087 1227 1112 re
1260 1072 1358 1111 mihi

171 1134 371 1177 nuntiata,
398 1134 537 1169 statim
563 1134 742 1182 quinque
767 1130 951 1169 cohortes
978 1129 1218 1168 Pollentiam
1242 1139 1358 1178 prae-

170 1188 272 1231 misi,
286 1199 505 1236 meumque
519 1188 598 1223 iter
613 1198 660 1223 eo
674 1184 839 1223 contuli.
879 1184 991 1222 Hora
1004 1189 1102 1221 ante
1113 1180 1358 1233 praesidium

170 1253 307 1277 meum
325 1239 566 1277 Pollentiam
583 1241 708 1284 venit,
726 1251 849 1289 quam
865 1237 1087 1276 Trebellius
1103 1249 1196 1275 cum
1213 1236 1358 1286 equiti-

171 1294 259 1331 bus.
301 1293 407 1331 Sane
423 1307 545 1344 quam
557 1306 646 1330 sum
658 1295 831 1344 gavisus.
874 1291 924 1330 In
938 1291 1014 1330 hoc
1031 1293 1139 1328 enim
1150 1291 1357 1327 victoriam

170 1353 271 1398 puto
284 1350 502 1385 consistere
529 1377 537 1384 .
564 1376 573 1385 .
600 1377 609 1385 .
636 1377 644 1385 .
669 1346 718 1384 In
732 1358 847 1396 spem
861 1343 1090 1391 venerant,1
1101 1343 1210 1395 quod
1223 1353 1358 1393 neque

171 1401 307 1439 Planci
337 1406 530 1452 quattuor
558 1400 738 1451 legiones
767 1400 952 1438 omnibus
981 1400 1061 1436 suis
1090 1399 1212 1448 copiis
1239 1407 1357 1447 pares

219 1504 233 1523 ¹
257 1505 291 1537 It
305 1505 336 1537 is
351 1505 487 1537 evident
503 1505 576 1536 that
591 1504 660 1536 this
675 1504 706 1536 is
721 1503 775 1536 tha
789 1503 976 1544 beqinninq
990 1502 1063 1544 osa
1075 1503 1234 1543 separate
1248 1499 1357 1536 letter,

175 1548 301 1590 thouqh
317 1548 394 1580 both
409 1558 470 1580 are
485 1558 554 1580 run
571 1547 644 1579 into
660 1557 722 1579 o‘ne
739 1546 777 1579 in
794 1547 848 1579 the
863 1554 943 1579 uss.
994 1545 1142 1587 Tyrrell.

220 1687 236 1702 ⁰
259 1682 326 1716 See
341 1685 423 1714 note
439 1693 485 1714 on
500 1681 569 1723 Ep.
589 1683 640 1714 10.
656 1683 689 1714 3.

224 1725 236 1746 ¹³
262 1725 436 1763 Pollenza,
453 1725 564 1757 about
578 1727 622 1757 45
639 1723 738 1756 miles
754 1723 958 1756 north-west
974 1723 1015 1755 of
1027 1721 1142 1755 Vada.

222 1774 234 1789 ⁰
258 1768 413 1801 Tribune
426 1769 467 1801 of
475 1768 535 1801 the
548 1767 647 1810 plebs
661 1769 697 1800 in
710 1769 754 1800 48
768 1766 840 1799 and
853 1769 909 1804 47,
924 1777 971 1798 an
984 1765 1110 1798 ardent
1122 1765 1307 1806 supportet
1318 1762 1358 1794 of

174 1812 335 1887 Ar‘ltffrtsirs
349 1865 429 1887 now
439 1853 620 1896 generally
633 1852 762 1895 agreed
774 1852 862 1891 that,
875 1862 914 1884 as
923 1853 978 1884 far
991 1861 1030 1884 as
1042 1860 1209 1884 concerns
1223 1848 1355 1885 Cicero,

173 1897 242 1931 this
259 1899 287 1930 is
303 1897 364 1930 the
379 1897 449 1930 end
466 1898 507 1929 of
518 1896 578 1929 the
594 1896 704 1934 letter,
721 1895 793 1928 and
809 1895 887 1928 that
904 1895 1000 1927 what
1015 1894 1150 1927 follows
1167 1894 1196 1925 is
1210 1891 1271 1925 the
1286 1889 1355 1923 end

173 1941 215 1974 of
233 1940 381 1974 another
402 1940 503 1973 letter
525 1938 714 1973 addressed
737 1939 788 1981 by
811 1938 942 1972 Brutus
964 1937 1036 1970 and
1065 1936 1216 1970 Plancus
1237 1938 1274 1967 to
1294 1933 1355 1966 the

172 1991 249 2030 462
