1448 2236
684 67 886 107 CICERO

190 166 348 218 plexus,
364 171 511 220 egique
526 173 721 209 acerrime
735 177 1006 223 senatumque
1018 174 1101 211 iam
1114 172 1379 224 languentem

192 233 235 266 et
247 227 453 267 defessum
467 230 519 268 ad
531 233 743 281 pristinam
756 234 950 270 virtutem
962 232 1379 283 consuetudinemque

189 291 372 326 revocavi
391 291 520 340 magis
536 292 672 336 animi,
689 303 811 341 quam
830 293 969 343 ingeni
986 292 1148 330 viribus.
1201 291 1279 330 Hic
1292 291 1379 330 dies

190 359 364 398 meaque
387 351 596 387 contentio
620 355 745 400 atque
769 353 874 388 actio
897 363 1011 401 spem
1033 353 1208 401 primum
1229 349 1379 401 populo

191 406 372 446 Romano
403 409 543 447 attth
571 409 772 448 libertatis
801 410 1117 461 recuperandae.
1170 409 1256 448 Nec
1284 423 1380 448 vero

189 468 276 516 ipse
312 473 458 517 postea
494 474 656 519 tempus
694 469 820 507 ullum
856 472 1054 508 intermisi
1090 469 1144 508 de
1175 469 1381 520 republica

151 530 171 562 3
190 539 271 563 non
297 527 503 577 cogitandi
529 527 672 573 solum,
691 528 765 567 sed
789 531 915 566 etiam
939 529 1100 580 agendi.
1153 527 1287 576 Quod,
1306 530 1380 566 nisi

189 598 253 623 res
277 586 451 624 urbanas
480 591 653 637 actaque
673 589 808 625 omnia
826 588 878 626 ad
895 593 939 626 te
961 586 1132 638 perferri
1151 587 1380 632 arbitrarer,

189 647 276 694 ipse
303 645 610 695 perscriberem,
639 659 886 697 quamquam
915 660 1026 685 eram
1054 648 1239 684 maximis
1267 659 1382 684 occu-

188 704 422 754 pationibus
454 705 687 756 impeditus.
741 704 823 744 Sed
854 705 923 744 illa
951 718 1167 757 cognosces
1193 717 1244 742 ex
1270 705 1380 750 aliis3

191 776 216 800 a
246 775 314 801 me
345 776 490 814 pauca,
524 769 568 802 et
606 777 656 802 ea
686 767 933 803 summatim.
987 764 1197 803 Habemus
1233 763 1382 802 fortem

189 827 393 868 senatum,
429 823 658 862 consulares
692 826 843 874 partim
879 824 1056 869 timidos,
1090 825 1241 874 partim
1274 822 1382 861 male

189 885 429 920 sentientes.
484 882 685 934 Magnum
703 883 897 921 damnum
914 882 1070 922 factum
1089 888 1153 922 est
1169 885 1212 921 in
1229 882 1380 921 Servio.

191 941 239 979 L.
266 941 417 979 Caesar
441 945 596 992 optime
620 945 776 987 sentit3
815 943 902 988 sed,
927 942 1036 994 quod
1061 941 1279 980 avunculus
1305 947 1381 987 est,

190 1014 272 1039 non
305 1004 519 1040 acerrimas
552 1002 650 1040 dicit
683 1005 920 1041 sententias.
975 1001 1168 1040 Consules
1201 1004 1381 1053 egregii3

188 1061 419 1112 praeclarus
451 1061 504 1099 D.
535 1061 713 1107 Brutus3
756 1074 860 1112 puer
891 1064 1078 1113 egregius
1109 1061 1286 1107 Caesar;
1329 1061 1382 1099 de

190 1134 271 1172 quo
286 1134 404 1171 spero
420 1121 610 1172 equidem
623 1121 792 1173 reliqua.
839 1121 928 1160 Hoc
939 1134 1034 1160 vero
1045 1127 1204 1160 certum
1217 1121 1382 1166 habeto,

190 1183 266 1219 nisi
281 1181 348 1219 ille
364 1187 577 1220 veteranos
592 1181 780 1220 celeriter
794 1183 1107 1232 conscripsisset,
1121 1181 1382 1232 legionesque

191 1241 298 1279 duae
330 1240 383 1279 de
416 1243 599 1279 exercitu
630 1241 785 1279 Antoni
818 1241 870 1279 ad
903 1243 988 1279 eius
1019 1253 1064 1279 se
1096 1242 1401 1278 auctoritatem*

191 1299 471 1346 contulissent,
491 1306 617 1352 atque
635 1303 667 1338 is
687 1303 895 1351 oppositus
915 1305 1024 1338 esset
1041 1305 1173 1339 terror
1189 1299 1382 1344 Antonio,

191 1360 290 1398 nihil
320 1360 546 1398 Antonium
575 1360 750 1406 sceleris,
781 1359 880 1398 nihil
913 1359 1166 1398 crudelitatis
1200 1364 1382 1410 praeter-

186 1420 345 1458 iturum
363 1418 499 1457 fuisse.
554 1419 668 1458 Haec
687 1420 776 1465 tibi,
793 1421 869 1458 etsi
885 1419 1025 1458 audita
1041 1431 1128 1457 esse
1144 1418 1381 1463 arbitrabar,

193 1479 299 1517 volui
320 1484 461 1516 tamen
481 1481 639 1517 notiora
660 1492 761 1516 esse.
816 1478 937 1516 Plura
955 1478 1142 1524 scribam,
1161 1479 1195 1516 si
1213 1476 1304 1528 plus
1324 1479 1381 1516 oti

193 1538 386 1577 habuero.

245 1655 261 1670 ⁰
285 1650 427 1684 Servius
451 1650 627 1692 Sulpicius
652 1650 779 1688 Rufus,
803 1649 949 1692 already
970 1660 1017 1682 an
1039 1648 1184 1688 invalid,
1206 1647 1279 1681 had
1301 1647 1382 1681 died

197 1694 300 1727 when
318 1697 396 1727 sent
413 1693 463 1736 by
480 1694 541 1726 the
558 1693 688 1727 Senate
706 1693 790 1725 with
809 1696 879 1726 two
897 1693 1014 1726 others
1033 1703 1079 1725 on
1097 1703 1145 1725 an
1163 1691 1328 1733 embassy
1345 1694 1383 1724 to

198 1737 357 1779 Antony‚
386 1737 471 1770 then
500 1736 695 1778 encamped
724 1736 843 1769 before
875 1736 1028 1773 Mutina,
1058 1737 1095 1768 in
1122 1735 1297 1776 January,
1325 1736 1381 1767 43.

200 1780 270 1813 For
284 1791 306 1812 a
321 1779 425 1813 fuller
440 1783 591 1813 account
606 1780 646 1812 of
659 1779 733 1812 him
749 1790 806 1812 see
822 1782 905 1812 note
918 1789 942 1811 α
957 1789 1004 1811 on
1021 1779 1066 1811 iv.
1086 1780 1116 1811 1.
1134 1781 1165 1811 1.

245 1822 260 1842 ¹³
285 1823 327 1855 L.
345 1823 475 1856 Caesar
490 1833 561 1855 was
578 1823 637 1855 the
652 1822 795 1855 brother
810 1821 851 1854 of
862 1822 886 1855 J
889 1821 971 1859 ulia,
989 1821 1165 1863 Antony’s
1181 1820 1328 1853 mother.

247 1871 259 1887 ⁶
284 1866 353 1899 For
370 1867 536 1899 Decimus
554 1866 685 1899 Brutus
701 1875 758 1898 see
774 1868 856 1898 note
871 1868 909 1897 to
924 1866 969 1897 xi.
991 1867 1020 1897 l.
1039 1868 1069 1898 l.

201 2007 278 2048 390

1437 1392 1439 1395 ⁷
1438 1242 1448 1376 nnn-“nna
1446 1198 1448 1202 .
