<?xml version="1.0" encoding="UTF-8"?>
<!DOCTYPE html PUBLIC "-//W3C//DTD XHTML 1.0 Transitional//EN"
    "http://www.w3.org/TR/xhtml1/DTD/xhtml1-transitional.dtd">
<html xmlns="http://www.w3.org/1999/xhtml" xml:lang="en" lang="en">
 <head>
  <title>
</title>
<meta http-equiv="Content-Type" content="text/html;charset=utf-8" />
  <meta name='ocr-system' content='tesseract 3.04.00' />
  <meta name='ocr-capabilities' content='ocr_page ocr_carea ocr_par ocr_line ocrx_word'/>
</head>
<body>
  <div class='ocr_page' id='page_1' title='image "./letterstohisfrie02ciceuoft_0320.png"; bbox 0 0 1448 2236; ppageno 0'>
   <div class='ocr_carea' id='block_1_1' title="bbox 258 467 1326 569">
    <p class='ocr_par' dir='ltr' id='par_1_1' title="bbox 258 467 1326 569">
     <span class='ocr_line' id='line_1_1' title="bbox 258 467 1326 508; baseline 0.001 -1"><span class='ocrx_word' id='word_1_1' title='bbox 258 467 321 507; x_wconf 93' lang='lat' dir='ltr'><strong>M.</strong></span> <span class='ocrx_word' id='word_1_2' title='bbox 357 468 553 507; x_wconf 93' lang='lat' dir='ltr'>TULLII</span> <span class='ocrx_word' id='word_1_3' title='bbox 592 467 887 507; x_wconf 88' lang='lat' dir='ltr'>CICERONIS</span> <span class='ocrx_word' id='word_1_4' title='bbox 924 467 1326 508; x_wconf 90' lang='lat' dir='ltr'><strong>EPISTOLARUM</strong></span> 
     </span>
     <span class='ocr_line' id='line_1_2' title="bbox 560 530 1028 569; baseline 0 -1"><span class='ocrx_word' id='word_1_5' title='bbox 560 530 641 568; x_wconf 95' lang='lat' dir='ltr'><strong>AD</strong></span> <span class='ocrx_word' id='word_1_6' title='bbox 679 530 1028 569; x_wconf 89' lang='lat' dir='ltr'><strong>FAMILIARES</strong></span> 
     </span>
    </p>
   </div>
   <div class='ocr_carea' id='block_1_2' title="bbox 568 633 1015 775">
    <p class='ocr_par' dir='ltr' id='par_1_2' title="bbox 568 633 1015 775">
     <span class='ocr_line' id='line_1_3' title="bbox 568 633 1015 673; baseline 0 -1"><span class='ocrx_word' id='word_1_7' title='bbox 568 633 732 673; x_wconf 86' lang='lat' dir='ltr'><strong>LIBER</strong></span> <span class='ocrx_word' id='word_1_8' title='bbox 759 633 1015 673; x_wconf 89' lang='lat' dir='ltr'><strong>DECIMUS</strong></span> 
     </span>
     <span class='ocr_line' id='line_1_4' title="bbox 783 738 802 775; baseline 0 0"><span class='ocrx_word' id='word_1_9' title='bbox 783 738 802 775; x_wconf 98' lang='lat' dir='ltr'><strong>I</strong></span> 
     </span>
    </p>
   </div>
   <div class='ocr_carea' id='block_1_3' title="bbox 634 837 949 864">
    <p class='ocr_par' dir='ltr' id='par_1_3' title="bbox 634 837 949 864">
     <span class='ocr_line' id='line_1_5' title="bbox 634 837 949 864; baseline 0.003 -1"><span class='ocrx_word' id='word_1_10' title='bbox 634 837 773 863; x_wconf 82' lang='lat' dir='ltr'><strong>CICERO</strong></span> <span class='ocrx_word' id='word_1_11' title='bbox 799 837 949 864; x_wconf 73' lang='lat' dir='ltr'>PLANCO</span> 
     </span>
    </p>
   </div>
   <div class='ocr_carea' id='block_1_4' title="bbox 608 921 975 960">
    <p class='ocr_par' dir='ltr' id='par_1_4' title="bbox 608 921 975 960">
     <span class='ocr_line' id='line_1_6' title="bbox 608 921 975 960; baseline 0 -6"><span class='ocrx_word' id='word_1_12' title='bbox 608 921 756 960; x_wconf 85' lang='lat' dir='ltr'><strong>Romae,</strong></span> <span class='ocrx_word' id='word_1_13' title='bbox 772 932 879 954; x_wconf 69' lang='lat' dir='ltr'><strong>A.u.c.</strong></span> <span class='ocrx_word' id='word_1_14' title='bbox 897 923 975 954; x_wconf 81' lang='grc'><strong>710.</strong></span> 
     </span>
    </p>
   </div>
   <div class='ocr_carea' id='block_1_5' title="bbox 150 1000 1448 1447">
    <p class='ocr_par' dir='ltr' id='par_1_5' title="bbox 150 1000 1448 1447">
     <span class='ocr_line' id='line_1_7' title="bbox 150 1000 1381 1053; baseline -0.002 -11"><span class='ocrx_word' id='word_1_15' title='bbox 150 1013 167 1045; x_wconf 91' lang='lat'>1</span> <span class='ocrx_word' id='word_1_16' title='bbox 241 1003 297 1042; x_wconf 92' lang='lat' dir='ltr'><strong>Et</strong></span> <span class='ocrx_word' id='word_1_17' title='bbox 314 1002 426 1041; x_wconf 87' lang='lat' dir='ltr'><strong>abfui</strong></span> <span class='ocrx_word' id='word_1_18' title='bbox 441 1001 695 1053; x_wconf 86' lang='lat' dir='ltr'><strong>proficiscens</strong></span> <span class='ocrx_word' id='word_1_19' title='bbox 715 1003 757 1039; x_wconf 90' lang='lat' dir='ltr'><strong>in</strong></span> <span class='ocrx_word' id='word_1_20' title='bbox 777 1000 1015 1040; x_wconf 81' lang='lat' dir='ltr'><strong>Graeciam:</strong></span> <span class='ocrx_word' id='word_1_21' title='bbox 1043 1006 1101 1047; x_wconf 92' lang='lat' dir='ltr'><strong>et,</strong></span> <span class='ocrx_word' id='word_1_22' title='bbox 1114 1007 1381 1053; x_wconf 86' lang='lat' dir='ltr'><strong>posteaquam</strong></span> 
     </span>
     <span class='ocr_line' id='line_1_8' title="bbox 195 1057 1381 1108; baseline -0.001 -10"><span class='ocrx_word' id='word_1_23' title='bbox 195 1060 247 1098; x_wconf 91' lang='lat' dir='ltr'><strong>de</strong></span> <span class='ocrx_word' id='word_1_24' title='bbox 263 1060 398 1098; x_wconf 90' lang='lat' dir='ltr'><strong>medio</strong></span> <span class='ocrx_word' id='word_1_25' title='bbox 415 1072 531 1097; x_wconf 89' lang='lat' dir='ltr'><strong>cursu</strong></span> <span class='ocrx_word' id='word_1_26' title='bbox 548 1057 792 1108; x_wconf 86' lang='lat' dir='ltr'><strong>reipublicae</strong></span> <span class='ocrx_word' id='word_1_27' title='bbox 808 1070 898 1096; x_wconf 92' lang='lat' dir='ltr'><strong>sum</strong></span> <span class='ocrx_word' id='word_1_28' title='bbox 914 1071 1011 1096; x_wconf 92' lang='lat' dir='ltr'><strong>voce</strong></span> <span class='ocrx_word' id='word_1_29' title='bbox 1026 1063 1251 1105; x_wconf 84' lang='lat' dir='ltr'><strong>revocatus,</strong></span> <span class='ocrx_word' id='word_1_30' title='bbox 1267 1073 1381 1097; x_wconf 91' lang='lat' dir='ltr'><strong>num-</strong></span> 
     </span>
     <span class='ocr_line' id='line_1_9' title="bbox 196 1112 1381 1168; baseline 0 -14"><span class='ocrx_word' id='word_1_31' title='bbox 196 1129 319 1168; x_wconf 90' lang='lat' dir='ltr'>quam</span> <span class='ocrx_word' id='word_1_32' title='bbox 347 1129 422 1166; x_wconf 87' lang='lat' dir='ltr'><strong>per</strong></span> <span class='ocrx_word' id='word_1_33' title='bbox 453 1115 514 1153; x_wconf 88' lang='lat' dir='ltr'><strong>M.</strong></span> <span class='ocrx_word' id='word_1_34' title='bbox 545 1115 770 1153; x_wconf 90' lang='lat' dir='ltr'><strong>Antonium</strong></span> <span class='ocrx_word' id='word_1_35' title='bbox 799 1116 963 1164; x_wconf 89' lang='lat' dir='ltr'><strong>quietus</strong></span> <span class='ocrx_word' id='word_1_36' title='bbox 992 1112 1079 1160; x_wconf 88' lang='lat' dir='ltr'><strong>fui;</strong></span> <span class='ocrx_word' id='word_1_37' title='bbox 1123 1117 1234 1153; x_wconf 91' lang='lat' dir='ltr'><strong>cuius</strong></span> <span class='ocrx_word' id='word_1_38' title='bbox 1263 1121 1381 1154; x_wconf 89' lang='lat' dir='ltr'><strong>tanta</strong></span> 
     </span>
     <span class='ocr_line' id='line_1_10' title="bbox 196 1170 1380 1222; baseline -0.001 -12"><span class='ocrx_word' id='word_1_39' title='bbox 196 1177 273 1217; x_wconf 90' lang='lat' dir='ltr'><strong>est,</strong></span> <span class='ocrx_word' id='word_1_40' title='bbox 297 1185 379 1210; x_wconf 91' lang='lat' dir='ltr'><strong>non</strong></span> <span class='ocrx_word' id='word_1_41' title='bbox 410 1170 625 1209; x_wconf 82' lang='lat' dir='ltr'>insolentia</span> <span class='ocrx_word' id='word_1_42' title='bbox 650 1170 762 1222; x_wconf 87' lang='lat' dir='ltr'><strong>(nam</strong></span> <span class='ocrx_word' id='word_1_43' title='bbox 793 1170 836 1208; x_wconf 95' lang='lat' dir='ltr'><strong>id</strong></span> <span class='ocrx_word' id='word_1_44' title='bbox 860 1170 1025 1221; x_wconf 88' lang='lat' dir='ltr'><strong>quidem</strong></span> <span class='ocrx_word' id='word_1_45' title='bbox 1049 1170 1215 1222; x_wconf 84' lang='lat' dir='ltr'><strong>vulgare</strong></span> <span class='ocrx_word' id='word_1_46' title='bbox 1238 1173 1380 1209; x_wconf 89' lang='lat' dir='ltr'><strong>vitium</strong></span> 
     </span>
     <span class='ocr_line' id='line_1_11' title="bbox 196 1226 1379 1279; baseline 0 -14"><span class='ocrx_word' id='word_1_47' title='bbox 196 1227 290 1279; x_wconf 89' lang='lat' dir='ltr'><strong>est),</strong></span> <span class='ocrx_word' id='word_1_48' title='bbox 321 1227 394 1266; x_wconf 90' lang='lat' dir='ltr'><strong>sed</strong></span> <span class='ocrx_word' id='word_1_49' title='bbox 423 1229 669 1272; x_wconf 77' lang='lat' dir='ltr'><strong>immanitas,</strong></span> <span class='ocrx_word' id='word_1_50' title='bbox 699 1240 781 1264; x_wconf 90' lang='lat' dir='ltr'><strong>non</strong></span> <span class='ocrx_word' id='word_1_51' title='bbox 810 1226 931 1264; x_wconf 91' lang='lat' dir='ltr'><strong>modo</strong></span> <span class='ocrx_word' id='word_1_52' title='bbox 963 1232 1010 1264; x_wconf 92' lang='lat' dir='ltr'><strong>ut</strong></span> <span class='ocrx_word' id='word_1_53' title='bbox 1040 1239 1195 1271; x_wconf 89' lang='lat' dir='ltr'><strong>vocem,</strong></span> <span class='ocrx_word' id='word_1_54' title='bbox 1224 1227 1298 1265; x_wconf 92' lang='lat' dir='ltr'><strong>sed</strong></span> <span class='ocrx_word' id='word_1_55' title='bbox 1327 1241 1379 1266; x_wconf 93' lang='lat' dir='ltr'><strong>ne</strong></span> 
     </span>
     <span class='ocr_line' id='line_1_12' title="bbox 194 1280 1379 1334; baseline 0.001 -13"><span class='ocrx_word' id='word_1_56' title='bbox 194 1283 351 1322; x_wconf 88' lang='lat' dir='ltr'><strong>vultum</strong></span> <span class='ocrx_word' id='word_1_57' title='bbox 395 1282 559 1333; x_wconf 89' lang='lat' dir='ltr'><strong>quidem</strong></span> <span class='ocrx_word' id='word_1_58' title='bbox 601 1282 773 1320; x_wconf 84' lang='lat' dir='ltr'><strong>liberum</strong></span> <span class='ocrx_word' id='word_1_59' title='bbox 813 1284 942 1333; x_wconf 83' lang='lat' dir='ltr'><strong>possit</strong></span> <span class='ocrx_word' id='word_1_60' title='bbox 983 1280 1090 1320; x_wconf 87' lang='lat' dir='ltr'><strong>ferre</strong></span> <span class='ocrx_word' id='word_1_61' title='bbox 1131 1284 1379 1334; x_wconf 86' lang='lat' dir='ltr'><strong>cuiusquam.</strong></span> 
     </span>
     <span class='ocr_line' id='line_1_13' title="bbox 196 1338 1448 1390; baseline 0.001 -13"><span class='ocrx_word' id='word_1_62' title='bbox 196 1339 344 1390; x_wconf 85' lang='lat' dir='ltr'><strong>Itaque</strong></span> <span class='ocrx_word' id='word_1_63' title='bbox 362 1339 461 1376; x_wconf 90' lang='lat' dir='ltr'><strong>mihi</strong></span> <span class='ocrx_word' id='word_1_64' title='bbox 478 1341 681 1377; x_wconf 87' lang='lat' dir='ltr'><strong>maximae</strong></span> <span class='ocrx_word' id='word_1_65' title='bbox 700 1351 820 1376; x_wconf 88' lang='lat' dir='ltr'><strong>curae</strong></span> <span class='ocrx_word' id='word_1_66' title='bbox 840 1344 916 1383; x_wconf 89' lang='lat' dir='ltr'><strong>est,</strong></span> <span class='ocrx_word' id='word_1_67' title='bbox 935 1351 1017 1376; x_wconf 93' lang='lat' dir='ltr'><strong>non</strong></span> <span class='ocrx_word' id='word_1_68' title='bbox 1034 1338 1087 1376; x_wconf 91' lang='lat' dir='ltr'><strong>de</strong></span> <span class='ocrx_word' id='word_1_69' title='bbox 1104 1351 1199 1377; x_wconf 89' lang='lat' dir='ltr'><strong>mea</strong></span> <span class='ocrx_word' id='word_1_70' title='bbox 1215 1340 1379 1390; x_wconf 88' lang='lat' dir='ltr'><strong>quidem</strong></span> <span class='ocrx_word' id='word_1_71' title='bbox 1435 1360 1448 1367; x_wconf 28' lang='lat' dir='ltr'>fi</span> 
     </span>
     <span class='ocr_line' id='line_1_14' title="bbox 194 1393 1380 1447; baseline 0.002 -13"><span class='ocrx_word' id='word_1_72' title='bbox 194 1398 293 1441; x_wconf 81' lang='lat' dir='ltr'><strong>vita,</strong></span> <span class='ocrx_word' id='word_1_73' title='bbox 320 1398 385 1434; x_wconf 83' lang='lat' dir='ltr'><strong>cui</strong></span> <span class='ocrx_word' id='word_1_74' title='bbox 413 1393 590 1433; x_wconf 84' lang='lat' dir='ltr'><strong>satisfeci</strong></span> <span class='ocrx_word' id='word_1_75' title='bbox 617 1395 683 1433; x_wconf 88' lang='lat' dir='ltr'><strong>vel</strong></span> <span class='ocrx_word' id='word_1_76' title='bbox 711 1400 850 1433; x_wconf 86' lang='lat' dir='ltr'><strong>aetate</strong></span> <span class='ocrx_word' id='word_1_77' title='bbox 877 1394 943 1433; x_wconf 92' lang='lat' dir='ltr'><strong>vel</strong></span> <span class='ocrx_word' id='word_1_78' title='bbox 969 1393 1087 1433; x_wconf 81' lang='lat' dir='ltr'><strong>factis</strong></span> <span class='ocrx_word' id='word_1_79' title='bbox 1114 1394 1180 1434; x_wconf 88' lang='lat' dir='ltr'><strong>vel</strong></span> <span class='ocrx_word' id='word_1_80' title='bbox 1206 1395 1256 1447; x_wconf 92' lang='lat' dir='ltr'><strong>(si</strong></span> <span class='ocrx_word' id='word_1_81' title='bbox 1283 1397 1380 1447; x_wconf 79' lang='lat' dir='ltr'><strong>quid</strong></span> 
     </span>
    </p>
   </div>
   <div class='ocr_carea' id='block_1_6' title="bbox 193 1498 1448 1971">
    <p class='ocr_par' dir='ltr' id='par_1_6' title="bbox 193 1498 1448 1971">
     <span class='ocr_line' id='line_1_15' title="bbox 193 1498 1446 1533; baseline -0.001 -1"><span class='ocrx_word' id='word_1_82' title='bbox 193 1528 197 1532; x_wconf 90' lang='lat'>.</span> <span class='ocrx_word' id='word_1_83' title='bbox 245 1503 262 1518; x_wconf 73' lang='lat'>⁶</span> <span class='ocrx_word' id='word_1_84' title='bbox 285 1499 418 1532; x_wconf 91' lang='lat' dir='ltr'><strong>Lucius</strong></span> <span class='ocrx_word' id='word_1_85' title='bbox 436 1498 622 1532; x_wconf 83' lang='lat' dir='ltr'><strong>Munatius</strong></span> <span class='ocrx_word' id='word_1_86' title='bbox 639 1498 791 1531; x_wconf 89' lang='lat' dir='ltr'><strong>Plancus</strong></span> <span class='ocrx_word' id='word_1_87' title='bbox 806 1509 878 1531; x_wconf 88' lang='lat' dir='ltr'><strong>was</strong></span> <span class='ocrx_word' id='word_1_88' title='bbox 899 1498 989 1531; x_wconf 90' lang='lat' dir='ltr'><strong>born</strong></span> <span class='ocrx_word' id='word_1_89' title='bbox 1009 1498 1122 1532; x_wconf 82' lang='lat' dir='ltr'><strong>about</strong></span> <span class='ocrx_word' id='word_1_90' title='bbox 1141 1500 1184 1532; x_wconf 81' lang='lat'><strong>87</strong></span> <span class='ocrx_word' id='word_1_91' title='bbox 1207 1509 1271 1532; x_wconf 64' lang='lat' dir='ltr'><strong>mc.</strong></span> <span class='ocrx_word' id='word_1_92' title='bbox 1316 1499 1381 1533; x_wconf 90' lang='lat' dir='ltr'><strong>We</strong></span> <span class='ocrx_word' id='word_1_93' title='bbox 1442 1526 1446 1531; x_wconf 85' lang='lat'><strong>.</strong></span> 
     </span>
     <span class='ocr_line' id='line_1_16' title="bbox 196 1541 1378 1581; baseline 0 -7"><span class='ocrx_word' id='word_1_94' title='bbox 196 1542 282 1575; x_wconf 86' lang='lat' dir='ltr'><strong>hear</strong></span> <span class='ocrx_word' id='word_1_95' title='bbox 309 1541 349 1574; x_wconf 87' lang='lat' dir='ltr'><strong>of</strong></span> <span class='ocrx_word' id='word_1_96' title='bbox 372 1542 470 1574; x_wconf 85' lang='lat' dir='ltr'><strong>three</strong></span> <span class='ocrx_word' id='word_1_97' title='bbox 497 1541 537 1574; x_wconf 89' lang='lat' dir='ltr'><strong>of</strong></span> <span class='ocrx_word' id='word_1_98' title='bbox 561 1542 615 1575; x_wconf 87' lang='lat' dir='ltr'><strong>his</strong></span> <span class='ocrx_word' id='word_1_99' title='bbox 642 1541 975 1581; x_wconf 87' lang='lat' dir='ltr'><strong>brothers—Bursa,</strong></span> <span class='ocrx_word' id='word_1_100' title='bbox 1003 1541 1155 1575; x_wconf 88' lang='lat' dir='ltr'><strong>Cicero&#39;s</strong></span> <span class='ocrx_word' id='word_1_101' title='bbox 1182 1541 1252 1575; x_wconf 52' lang='lat' dir='ltr'><strong>bate</strong></span> <span class='ocrx_word' id='word_1_102' title='bbox 1276 1543 1378 1581; x_wconf 67' lang='grc' dir='ltr'>ποὺ-ς</span> 
     </span>
     <span class='ocr_line' id='line_1_17' title="bbox 197 1584 1448 1627; baseline 0.001 -10"><span class='ocrx_word' id='word_1_103' title='bbox 197 1584 320 1623; x_wconf 85' lang='lat' dir='ltr'><strong>Gaius,</strong></span> <span class='ocrx_word' id='word_1_104' title='bbox 342 1584 383 1618; x_wconf 82' lang='lat' dir='ltr'><strong>of</strong></span> <span class='ocrx_word' id='word_1_105' title='bbox 400 1585 518 1617; x_wconf 86' lang='lat' dir='ltr'><strong>whom</strong></span> <span class='ocrx_word' id='word_1_106' title='bbox 541 1584 644 1627; x_wconf 90' lang='lat' dir='ltr'><strong>Pliny</strong></span> <span class='ocrx_word' id='word_1_107' title='bbox 665 1585 725 1617; x_wconf 91' lang='lat' dir='ltr'><strong>the</strong></span> <span class='ocrx_word' id='word_1_108' title='bbox 746 1584 853 1618; x_wconf 86' lang='lat' dir='ltr'><strong>Elder</strong></span> <span class='ocrx_word' id='word_1_109' title='bbox 873 1595 913 1618; x_wconf 87' lang='lat' dir='ltr'><strong>sa</strong></span> <span class='ocrx_word' id='word_1_110' title='bbox 939 1595 956 1618; x_wconf 91' lang='lat' dir='ltr'><strong>s</strong></span> <span class='ocrx_word' id='word_1_111' title='bbox 976 1584 1055 1617; x_wconf 89' lang='lat' dir='ltr'><strong>that</strong></span> <span class='ocrx_word' id='word_1_112' title='bbox 1075 1584 1121 1618; x_wconf 89' lang='lat' dir='ltr'><strong>he</strong></span> <span class='ocrx_word' id='word_1_113' title='bbox 1140 1584 1307 1618; x_wconf 86' lang='lat' dir='ltr'><strong>deserved</strong></span> <span class='ocrx_word' id='word_1_114' title='bbox 1326 1585 1380 1618; x_wconf 90' lang='lat' dir='ltr'><strong>his</strong></span> <span class='ocrx_word' id='word_1_115' title='bbox 1446 1623 1448 1625; x_wconf 49' lang='grc'><strong>,</strong></span> 
     </span>
     <span class='ocr_line' id='line_1_18' title="bbox 197 1596 1381 1670; baseline 0.001 -10"><span class='ocrx_word' id='word_1_116' title='bbox 197 1628 304 1660; x_wconf 86' lang='lat' dir='ltr'><strong>death</strong></span> <span class='ocrx_word' id='word_1_117' title='bbox 331 1627 381 1670; x_wconf 93' lang='lat' dir='ltr'><strong>by</strong></span> <span class='ocrx_word' id='word_1_118' title='bbox 407 1629 640 1670; x_wconf 89' lang='lat' dir='ltr'><strong>proscription</strong></span> <span class='ocrx_word' id='word_1_119' title='bbox 667 1628 698 1660; x_wconf 87' lang='lat' dir='ltr'><strong>if</strong></span> <span class='ocrx_word' id='word_1_120' title='bbox 721 1627 806 1670; x_wconf 88' lang='lat' dir='ltr'><strong>only</strong></span> <span class='ocrx_word' id='word_1_121' title='bbox 831 1627 887 1660; x_wconf 84' lang='lat' dir='ltr'><strong>for</strong></span> <span class='ocrx_word' id='word_1_122' title='bbox 912 1596 1046 1670; x_wconf 50' lang='lat' dir='ltr'><strong>having</strong></span> <span class='ocrx_word' id='word_1_123' title='bbox 1072 1627 1278 1660; x_wconf 82' lang='lat' dir='ltr'><strong>introduced</strong></span> <span class='ocrx_word' id='word_1_124' title='bbox 1303 1638 1381 1670; x_wconf 91' lang='lat' dir='ltr'><strong>per-</strong></span> 
     </span>
     <span class='ocr_line' id='line_1_19' title="bbox 196 1669 1448 1711; baseline 0.001 -8"><span class='ocrx_word' id='word_1_125' title='bbox 196 1671 312 1704; x_wconf 86' lang='lat' dir='ltr'><strong>fumes</strong></span> <span class='ocrx_word' id='word_1_126' title='bbox 340 1672 414 1704; x_wconf 88' lang='lat' dir='ltr'><strong>into</strong></span> <span class='ocrx_word' id='word_1_127' title='bbox 443 1671 575 1708; x_wconf 78' lang='lat' dir='ltr'><strong>Rome;</strong></span> <span class='ocrx_word' id='word_1_128' title='bbox 616 1670 689 1703; x_wconf 88' lang='lat' dir='ltr'><strong>and</strong></span> <span class='ocrx_word' id='word_1_129' title='bbox 717 1670 873 1709; x_wconf 87' lang='lat' dir='ltr'><strong>Gnaeus,</strong></span> <span class='ocrx_word' id='word_1_130' title='bbox 896 1670 993 1704; x_wconf 86' lang='lat' dir='ltr'><strong>often</strong></span> <span class='ocrx_word' id='word_1_131' title='bbox 1021 1669 1222 1703; x_wconf 79' lang='lat' dir='ltr'><strong>mentioned</strong></span> <span class='ocrx_word' id='word_1_132' title='bbox 1249 1671 1286 1704; x_wconf 91' lang='lat' dir='ltr'><strong>in</strong></span> <span class='ocrx_word' id='word_1_133' title='bbox 1311 1671 1380 1704; x_wconf 88' lang='lat' dir='ltr'><strong>this</strong></span> <span class='ocrx_word' id='word_1_134' title='bbox 1446 1679 1448 1711; x_wconf 81' lang='lat' dir='ltr'>j</span> 
     </span>
     <span class='ocr_line' id='line_1_20' title="bbox 197 1712 1380 1756; baseline 0.001 -10"><span class='ocrx_word' id='word_1_135' title='bbox 197 1713 294 1747; x_wconf 93' lang='lat' dir='ltr'><strong>book</strong></span> <span class='ocrx_word' id='word_1_136' title='bbox 313 1713 364 1756; x_wconf 89' lang='lat' dir='ltr'><strong>by</strong></span> <span class='ocrx_word' id='word_1_137' title='bbox 384 1713 438 1746; x_wconf 93' lang='lat' dir='ltr'><strong>his</strong></span> <span class='ocrx_word' id='word_1_138' title='bbox 461 1713 603 1746; x_wconf 88' lang='lat' dir='ltr'><strong>brother</strong></span> <span class='ocrx_word' id='word_1_139' title='bbox 625 1713 767 1746; x_wconf 90' lang='lat' dir='ltr'><strong>Lucius.</strong></span> <span class='ocrx_word' id='word_1_140' title='bbox 816 1713 859 1746; x_wconf 91' lang='lat' dir='ltr'><strong>In</strong></span> <span class='ocrx_word' id='word_1_141' title='bbox 878 1713 939 1746; x_wconf 84' lang='lat' dir='ltr'><strong>the</strong></span> <span class='ocrx_word' id='word_1_142' title='bbox 958 1712 1073 1746; x_wconf 87' lang='lat' dir='ltr'><strong>Gallie</strong></span> <span class='ocrx_word' id='word_1_143' title='bbox 1091 1712 1164 1745; x_wconf 83' lang='lat' dir='ltr'><strong>and</strong></span> <span class='ocrx_word' id='word_1_144' title='bbox 1183 1712 1273 1747; x_wconf 80' lang='lat' dir='ltr'><strong>civil</strong></span> <span class='ocrx_word' id='word_1_145' title='bbox 1291 1724 1380 1747; x_wconf 90' lang='lat' dir='ltr'><strong>wars</strong></span> 
     </span>
     <span class='ocr_line' id='line_1_21' title="bbox 198 1755 1380 1798; baseline -0.002 -8"><span class='ocrx_word' id='word_1_146' title='bbox 198 1756 330 1790; x_wconf 91' lang='lat' dir='ltr'><strong>Lucius</strong></span> <span class='ocrx_word' id='word_1_147' title='bbox 354 1756 476 1789; x_wconf 89' lang='lat' dir='ltr'><strong>served</strong></span> <span class='ocrx_word' id='word_1_148' title='bbox 498 1756 612 1789; x_wconf 92' lang='lat' dir='ltr'><strong>under</strong></span> <span class='ocrx_word' id='word_1_149' title='bbox 634 1755 775 1794; x_wconf 87' lang='lat' dir='ltr'><strong>Caesar,</strong></span> <span class='ocrx_word' id='word_1_150' title='bbox 798 1756 878 1788; x_wconf 87' lang='lat' dir='ltr'><strong>who</strong></span> <span class='ocrx_word' id='word_1_151' title='bbox 900 1755 1036 1798; x_wconf 78' lang='lat' dir='ltr'><strong>shortly</strong></span> <span class='ocrx_word' id='word_1_152' title='bbox 1057 1755 1177 1789; x_wconf 85' lang='lat' dir='ltr'><strong>before</strong></span> <span class='ocrx_word' id='word_1_153' title='bbox 1198 1755 1253 1789; x_wconf 89' lang='lat' dir='ltr'><strong>his</strong></span> <span class='ocrx_word' id='word_1_154' title='bbox 1274 1756 1380 1789; x_wconf 83' lang='lat' dir='ltr'><strong>death</strong></span> 
     </span>
     <span class='ocr_line' id='line_1_22' title="bbox 198 1797 1382 1842; baseline -0.001 -10"><span class='ocrx_word' id='word_1_155' title='bbox 198 1799 404 1832; x_wconf 84' lang='lat' dir='ltr'><strong>nominated</strong></span> <span class='ocrx_word' id='word_1_156' title='bbox 431 1799 506 1832; x_wconf 92' lang='lat' dir='ltr'><strong>him</strong></span> <span class='ocrx_word' id='word_1_157' title='bbox 532 1810 706 1842; x_wconf 86' lang='lat' dir='ltr'><strong>governor</strong></span> <span class='ocrx_word' id='word_1_158' title='bbox 732 1798 773 1832; x_wconf 89' lang='lat' dir='ltr'><strong>of</strong></span> <span class='ocrx_word' id='word_1_159' title='bbox 796 1798 914 1832; x_wconf 88' lang='lat' dir='ltr'><strong>Gallia</strong></span> <span class='ocrx_word' id='word_1_160' title='bbox 941 1798 1090 1831; x_wconf 85' lang='lat' dir='ltr'><strong>Comata</strong></span> <span class='ocrx_word' id='word_1_161' title='bbox 1112 1798 1195 1840; x_wconf 77' lang='grc' dir='ltr'><strong>(ἰ.σ.,</strong></span> <span class='ocrx_word' id='word_1_162' title='bbox 1217 1797 1266 1831; x_wconf 82' lang='lat' dir='ltr'><strong>all</strong></span> <span class='ocrx_word' id='word_1_163' title='bbox 1288 1798 1382 1832; x_wconf 87' lang='lat' dir='ltr'><strong>Gaul</strong></span> 
     </span>
     <span class='ocr_line' id='line_1_23' title="bbox 197 1841 1381 1884; baseline -0.001 -9"><span class='ocrx_word' id='word_1_164' title='bbox 197 1845 320 1884; x_wconf 88' lang='lat' dir='ltr'><strong>except</strong></span> <span class='ocrx_word' id='word_1_165' title='bbox 339 1842 595 1883; x_wconf 88' lang='lat' dir='ltr'><strong>Narbonensis)</strong></span> <span class='ocrx_word' id='word_1_166' title='bbox 613 1841 686 1875; x_wconf 93' lang='lat' dir='ltr'><strong>and</strong></span> <span class='ocrx_word' id='word_1_167' title='bbox 703 1841 778 1874; x_wconf 87' lang='lat' dir='ltr'><strong>also</strong></span> <span class='ocrx_word' id='word_1_168' title='bbox 796 1841 919 1874; x_wconf 90' lang='lat' dir='ltr'><strong>consul</strong></span> <span class='ocrx_word' id='word_1_169' title='bbox 935 1841 992 1874; x_wconf 89' lang='lat' dir='ltr'><strong>for</strong></span> <span class='ocrx_word' id='word_1_170' title='bbox 1008 1844 1065 1880; x_wconf 75' lang='lat'><strong>42,</strong></span> <span class='ocrx_word' id='word_1_171' title='bbox 1083 1841 1167 1874; x_wconf 88' lang='lat' dir='ltr'><strong>with</strong></span> <span class='ocrx_word' id='word_1_172' title='bbox 1185 1841 1231 1874; x_wconf 87' lang='lat' dir='ltr'><strong>D.</strong></span> <span class='ocrx_word' id='word_1_173' title='bbox 1251 1841 1381 1875; x_wconf 86' lang='lat' dir='ltr'><strong>Brutus</strong></span> 
     </span>
     <span class='ocr_line' id='line_1_24' title="bbox 195 1884 1448 1926; baseline -0.001 -8"><span class='ocrx_word' id='word_1_174' title='bbox 195 1895 235 1918; x_wconf 87' lang='lat' dir='ltr'><strong>as</strong></span> <span class='ocrx_word' id='word_1_175' title='bbox 260 1886 314 1918; x_wconf 89' lang='lat' dir='ltr'><strong>his</strong></span> <span class='ocrx_word' id='word_1_176' title='bbox 338 1885 448 1918; x_wconf 85' lang='lat' dir='ltr'><strong>collea</strong></span> <span class='ocrx_word' id='word_1_177' title='bbox 475 1897 530 1918; x_wconf 91' lang='lat' dir='ltr'><strong>ue.</strong></span> <span class='ocrx_word' id='word_1_178' title='bbox 578 1885 638 1919; x_wconf 91' lang='lat' dir='ltr'><strong>On</strong></span> <span class='ocrx_word' id='word_1_179' title='bbox 661 1884 821 1918; x_wconf 84' lang='lat' dir='ltr'><strong>Caesar’s</strong></span> <span class='ocrx_word' id='word_1_180' title='bbox 845 1884 964 1924; x_wconf 88' lang='lat' dir='ltr'><strong>death,</strong></span> <span class='ocrx_word' id='word_1_181' title='bbox 989 1884 1121 1918; x_wconf 89' lang='lat' dir='ltr'><strong>Lucius</strong></span> <span class='ocrx_word' id='word_1_182' title='bbox 1144 1884 1231 1917; x_wconf 90' lang='lat' dir='ltr'><strong>took</strong></span> <span class='ocrx_word' id='word_1_183' title='bbox 1255 1895 1304 1926; x_wconf 89' lang='lat' dir='ltr'><strong>up</strong></span> <span class='ocrx_word' id='word_1_184' title='bbox 1327 1885 1381 1918; x_wconf 89' lang='lat' dir='ltr'><strong>his</strong></span> <span class='ocrx_word' id='word_1_185' title='bbox 1446 1909 1448 1911; x_wconf 72' lang='lat'>.</span> 
     </span>
     <span class='ocr_line' id='line_1_25' title="bbox 195 1896 1382 1971; baseline -0.001 -10"><span class='ocrx_word' id='word_1_186' title='bbox 195 1930 373 1971; x_wconf 86' lang='lat' dir='ltr'><strong>province,</strong></span> <span class='ocrx_word' id='word_1_187' title='bbox 391 1896 474 1962; x_wconf 53' lang='lat' dir='ltr'><strong>ang</strong></span> <span class='ocrx_word' id='word_1_188' title='bbox 481 1931 520 1961; x_wconf 81' lang='lat' dir='ltr'><strong>at</strong></span> <span class='ocrx_word' id='word_1_189' title='bbox 537 1928 613 1961; x_wconf 89' lang='lat' dir='ltr'><strong>first</strong></span> <span class='ocrx_word' id='word_1_190' title='bbox 630 1927 822 1971; x_wconf 86' lang='lat' dir='ltr'><strong>supported</strong></span> <span class='ocrx_word' id='word_1_191' title='bbox 839 1927 901 1962; x_wconf 91' lang='lat' dir='ltr'><strong>the</strong></span> <span class='ocrx_word' id='word_1_192' title='bbox 918 1927 1049 1961; x_wconf 79' lang='lat' dir='ltr'><strong>Senate</strong></span> <span class='ocrx_word' id='word_1_193' title='bbox 1065 1929 1206 1970; x_wconf 85' lang='lat' dir='ltr'><strong>against</strong></span> <span class='ocrx_word' id='word_1_194' title='bbox 1223 1926 1382 1970; x_wconf 78' lang='lat' dir='ltr'><strong>Antony,</strong></span> 
     </span>
    </p>
   </div>
   <div class='ocr_carea' id='block_1_7' title="bbox 196 1983 274 2023">
    <p class='ocr_par' dir='ltr' id='par_1_7' title="bbox 196 1983 274 2023">
     <span class='ocr_line' id='line_1_26' title="bbox 196 1983 274 2023; baseline 0 -3"><span class='ocrx_word' id='word_1_195' title='bbox 196 1983 274 2023; x_wconf 75' lang='grc'><strong>290</strong></span> 
     </span>
    </p>
   </div>
   <div class='ocr_carea' id='block_1_8' title="bbox 1432 2016 1448 2236">
    <p class='ocr_par' dir='ltr' id='par_1_8' title="bbox 1432 2016 1448 2236">
     <span class='ocr_line' id='line_1_27' title="bbox 1437 2016 1448 2037; baseline 0 0"><span class='ocrx_word' id='word_1_196' title='bbox 1437 2016 1448 2037; x_wconf 84' lang='grc'>1</span> 
     </span>
     <span class='ocr_line' id='line_1_28' title="bbox 1432 2140 1448 2236; baseline 0 0"><span class='ocrx_word' id='word_1_197' title='bbox 1432 2140 1448 2236; x_wconf 70' lang='grc' dir='ltr'>ἒ</span> 
     </span>
    </p>
   </div>
  </div>
 </body>
</html>
