1448 2236
690 59 891 99 CICERO

194 163 274 202 Sed
309 170 462 210 tamen,
497 166 529 202 si
562 165 643 203 ista
676 164 774 203 mihi
807 169 903 202 sunt
936 164 1138 209 habenda,
1172 165 1386 202 certiorem

193 228 314 266 velim
342 242 408 266 me
435 227 573 274 facias,
601 229 670 266 ubi
698 231 793 274 sint,
821 227 983 279 quando
1011 233 1278 273 arcessantur,
1304 240 1384 278 quo
1442 227 1448 266 *2

192 306 344 344 genere
367 299 572 331 vecturae.
626 292 666 331 Si
692 295 799 331 enim
823 293 1094 344 Damasippus
1116 294 1159 330 in
1181 294 1385 331 sententia

194 371 275 396 non
304 358 500 402 manebit,
531 357 707 409 aliquem
735 357 1173 408 pseudodamasippum
1201 356 1267 395 vel
1293 369 1386 394 cum
1446 409 1448 413 Ι

153 427 176 459 4
194 425 349 460 iactura
378 425 638 472 reperiemus.
693 422 813 470 Quod
841 422 896 461 ad
923 435 989 460 me
1018 422 1071 461 de
1100 422 1220 460 domo
1249 421 1385 459 scribis

193 490 356 532 iterum,
394 489 476 524 iam
512 487 554 525 id
593 500 669 538 ego
705 487 958 537 proficiscens
995 486 1232 525 mandaram
1269 498 1386 523 meae
1445 508 1448 536 3

191 550 360 589 Tulliae.
415 551 476 589 Ea
497 554 604 589 enim
623 554 710 602 ipsa
730 552 828 589 hora
848 564 1084 602 acceperam
1104 556 1195 589 tuas
1214 550 1384 588 litteras.
1446 603 1448 606 Α

193 616 370 667 Egeram
391 618 516 654 etiam
535 629 626 654 cum
647 622 719 654 tuo
740 616 867 662 Nicia,
888 616 997 667 quod
1015 618 1048 654 is
1069 618 1210 661 utitur,
1231 620 1278 653 ut
1297 617 1385 660 scis,
1446 632 1448 634 ·

192 680 445 719 familiariter
480 680 629 719 Cassio.
685 680 744 719 Ut
778 681 879 719 redii
915 686 1069 726 autem,
1104 682 1228 731 prius,
1263 692 1386 730 quam
1441 711 1444 714 .

192 751 285 784 tuas
321 745 402 796 legi
437 745 510 783 has
546 747 748 796 proximas
783 745 955 791 litteras,
992 747 1172 796 quaesivi
1205 743 1259 783 de
1293 756 1386 781 mea
1444 763 1448 779 ι

192 810 337 856 Tullia,
354 810 452 860 quid
469 812 632 860 egisset.
687 810 764 847 Per
779 809 975 847 Liciniam
989 822 1034 848 se
1049 812 1180 860 egisse
1199 808 1384 853 dicebat3

193 875 266 914 sed
282 877 423 925 opinor
441 874 622 912 Cassium
641 877 701 912 uti
719 888 799 912 non
816 877 875 912 ita
892 874 1066 912 multum
1083 886 1231 912 sorore.
1283 873 1386 910 Eam

192 953 310 991 porro
337 952 488 990 negare
515 951 559 977 se
586 939 751 984 audere,
778 952 870 977 cum
895 941 956 977 vir
982 939 1145 977 abesset
1171 937 1252 989 (est
1279 939 1386 975 enim

193 1003 398 1056 profectus
426 1006 468 1041 in
496 1003 735 1054 Hispaniam
763 1002 950 1055 Dexius),
977 1002 1044 1041 illo
1073 1008 1117 1041 et
1144 1003 1315 1041 absente
1343 1006 1386 1039 et

193 1072 390 1108 insciente
423 1071 611 1119 migrare.
665 1068 740 1106 Est
773 1068 870 1106 mihi
903 1070 1191 1119 gratissimum,
1223 1068 1331 1104 tanti
1362 1078 1387 1103 a

193 1140 237 1173 te
256 1136 516 1172 aestimatam
535 1133 871 1171 consuetudinem
887 1135 996 1171 vitae
1015 1135 1227 1183 victusque
1245 1133 1385 1175 nostri,

191 1202 380 1250 primum,
398 1203 445 1236 ut
463 1211 553 1236 eam
571 1198 736 1235 domum
753 1210 946 1243 sumeres,
963 1203 1011 1235 ut
1026 1210 1108 1235 non
1124 1196 1244 1234 modo
1260 1207 1385 1246 prope

192 1276 272 1309 me,
302 1262 374 1301 sed
401 1262 523 1313 plane
552 1275 711 1300 mecum
739 1262 925 1300 habitare
953 1273 1120 1312 posses;
1163 1260 1311 1299 deinde
1338 1264 1386 1297 ut

191 1331 366 1379 migrare
398 1332 515 1365 tanto
547 1340 670 1378 opere
700 1326 929 1365 festinares.
982 1325 1063 1364 Sed
1094 1339 1146 1363 ne
1177 1327 1323 1370 vivam,
1351 1326 1385 1361 si

192 1393 267 1431 tibi
294 1392 484 1437 concedo,
513 1397 559 1429 ut
587 1394 672 1429 eius
698 1394 758 1429 rei
785 1397 831 1429 tu
858 1391 1038 1441 cupidior
1064 1393 1131 1435 sis,
1159 1402 1280 1440 quam
1309 1401 1384 1439 ego

192 1471 294 1496 sum.
350 1457 497 1507 Itaque
535 1459 670 1494 omnia
710 1458 906 1506 experiar.
960 1455 1088 1494 Video
1128 1457 1250 1499 enim,
1288 1453 1385 1504 quid

192 1535 285 1560 mea
299 1523 474 1566 intersit,
491 1520 588 1571 quid
604 1523 814 1571 utriusque
830 1525 1025 1558 nostrum.
1079 1518 1119 1557 Si
1136 1518 1233 1570 quid
1249 1530 1384 1569 egero,

191 1586 338 1625 faciam
354 1591 401 1623 ut
416 1587 529 1623 scias.
583 1585 644 1622 Tu
662 1590 705 1623 et
720 1584 773 1623 ad
789 1587 923 1622 omnia
937 1585 1132 1622 rescribes
1149 1589 1205 1628 et,
1222 1581 1383 1633 quando

192 1657 235 1690 te
257 1655 505 1701 exspectem,
523 1648 646 1687 facies
667 1663 747 1694 me,
766 1652 799 1687 si
819 1650 893 1687 tibi
912 1649 1086 1693 videtur,
1105 1650 1332 1686 certiorem.

243 1771 257 1786 ‘¹
282 1766 388 1798 From
407 1764 524 1797 whom
543 1762 668 1796 Gallus
686 1762 758 1796 had
777 1763 915 1804 bought
933 1773 955 1795 a
974 1762 1094 1801 house,
1115 1773 1195 1794 now
1212 1761 1382 1803 occupied

196 1811 246 1851 by
262 1808 433 1842 Cassius’s
446 1809 546 1839 sister
558 1805 693 1838 Licinia
705 1805 775 1838 and
790 1806 852 1838 her
864 1805 1028 1838 husband
1042 1805 1184 1838 Dexius.
1234 1804 1381 1843 Licinia,

195 1854 304 1894 being
326 1863 372 1885 on
395 1850 467 1883 bad
490 1853 597 1882 tex-ms
621 1849 704 1881 with
727 1848 790 1881 her
811 1848 966 1887 brother,
990 1858 1061 1881 was
1084 1849 1118 1881 in
1144 1858 1190 1880 no
1211 1848 1322 1890 hurry
1344 1851 1383 1880 to

197 1897 267 1929 suit
284 1896 337 1928 his
355 1905 395 1927 or
412 1893 566 1926 Gallus’s
582 1893 816 1925 convenience
831 1902 871 1925 as
888 1890 1033 1933 regards
1049 1890 1109 1924 the
1126 1891 1246 1924 house.
