1448 2236
666 55 867 96 CICERO

169 158 346 196 Litteras
366 163 458 196 tuas
477 158 744 198 vehementer
765 165 970 211 exspecto,
992 165 1036 199 et
1055 161 1220 212 quidem
1239 161 1356 208 tales,

168 212 307 264 quales
325 214 502 250 maxime
521 218 632 263 opto.

714 362 810 400 XVI

305 475 351 503 M.
377 477 416 503 T.
443 478 477 503 C.
505 477 537 504 S.
564 477 601 503 Ρ.
628 477 668 503 D.
696 478 736 504 D.
765 478 895 504 BRUTO
922 479 1010 504 IMP.
1037 479 1117 505 COS.
1143 479 1230 506 DES.

580 557 727 599 Romae,
744 571 851 594 A.U.c.
869 563 946 594 711.

127 642 144 675 1
219 635 435 688 Permagni
457 638 642 682 interest,
662 649 742 687 quo
761 637 836 675 tibi
854 636 956 676 haec
976 642 1161 688 tempore
1184 639 1355 689 epistula

165 690 326 728 reddita
341 693 395 728 sit
413 704 422 728 :
452 696 590 732 utrum
605 703 698 728 cum
714 690 988 729 sollicitudinis
1004 691 1155 742 aliquid
1170 692 1354 739 haberes,

164 757 219 782 an
244 757 336 782 cum
362 744 416 782 ab
443 747 552 782 omni
578 744 764 783 molestia
790 758 937 783 vacuus
967 758 1087 783 esses.
1141 746 1288 797 Itaque
1315 750 1354 785 ei

163 799 366 848 praecepi,
399 811 521 848 quem
553 798 608 836 ad
638 803 682 836 te
714 801 816 844 misi,
849 804 896 836 ut
927 804 1090 850 tempus
1121 800 1354 839 observaret

166 851 364 902 epistulae
410 852 485 889 tibi
531 851 778 890 reddendae.
847 852 951 890 Nam
998 853 1353 904 quemadmodum,

164 918 299 943 coram
317 907 386 956 qui
404 905 457 943 ad
474 918 546 942 nos
564 908 850 955 intempestive
868 906 1036 952 adeunt,
1053 907 1214 945 molesti
1230 920 1352 958 saepe

164 964 273 1004 sunt,
298 961 353 996 sic
379 958 577 1009 epistulae
602 959 825 1004 offendunt,
849 973 930 997 non
952 959 1040 998 loco
1063 960 1262 999 redditae.
1311 961 1352 1000 Si
1423 965 1448 994 -'

164 1018 319 1057 autem,
340 1017 387 1050 ut
407 1025 538 1062 spero,
559 1012 657 1050 nihil
676 1018 720 1050 te
739 1013 968 1063 perturbat,
987 1013 1086 1051 nihil
1105 1014 1288 1065 impedit,
1309 1020 1352 1053 et

164 1066 245 1112 ille,
260 1068 324 1103 cui
339 1066 541 1112 mandavi,
556 1069 653 1104 satis
668 1069 768 1104 scite
785 1071 828 1104 et
841 1066 1051 1105 commode
1066 1073 1228 1118 tempus
1242 1068 1295 1106 ad
1307 1074 1351 1107 te

165 1122 274 1171 cepit
300 1119 491 1165 adeundi,
517 1119 688 1165 confido,
714 1133 795 1166 me,
822 1120 931 1171 quod
955 1120 1090 1167 velim,
1115 1120 1233 1159 facile
1258 1134 1284 1160 a
1307 1127 1352 1160 te

123 1179 144 1210 2
162 1176 488 1224 impetraturum.
532 1173 579 1211 L.
598 1173 740 1211 Lamia
755 1179 990 1224 praeturam
1005 1177 1125 1225 petit.
1168 1174 1257 1213 Hoc
1274 1188 1351 1227 ego

163 1233 254 1265 utor
268 1240 348 1265 uno
362 1230 541 1265 omnium
554 1226 784 1277 plurimum.
825 1227 981 1279 Magna
993 1233 1190 1274 vetustas,
1202 1242 1352 1280 magna
1396 1245 1399 1246 ⁷

162 1281 412 1319 consuetudo
450 1281 694 1326 intercedit3
748 1281 938 1332 quodque
974 1281 1191 1332 plurimum
1228 1282 1351 1329 valet,

162 1334 260 1372 nihil
286 1334 385 1372 mihi
413 1337 498 1372 eius
526 1340 589 1372 est
615 1333 890 1373 familiaritate
917 1335 1142 1373 iucundius.
1196 1334 1351 1388 Magno

161 1393 376 1438 praeterea
421 1388 618 1426 beneficio
666 1391 750 1425 eius
796 1401 1026 1440 magnoque
1071 1391 1217 1427 merito
1261 1403 1351 1440 sum

162 1442 377 1494 obligatus.
421 1442 527 1479 Nam
544 1441 745 1480 Clodianis
763 1443 1027 1493 temporibus,
1043 1455 1136 1480 cum
1154 1446 1350 1494 equestris

1277 1536 1351 1544 —

211 1590 227 1606 α
253 1585 294 1618 L.
313 1585 435 1618 Aelius
455 1584 581 1618 Lamia
597 1585 801 1627 vigorously
818 1585 992 1618 defended
1011 1585 1132 1619 Cicero
1150 1586 1187 1619 in
1204 1588 1260 1626 58,
1277 1586 1350 1620 and

166 1628 425 1661 was'therefore
440 1628 595 1670 illegally
604 1628 776 1661 banished
790 1629 883 1661 from
899 1629 959 1662 the
975 1628 1056 1671 City
1072 1629 1122 1670 by
1136 1628 1196 1662 the
1210 1630 1350 1663 consuls

164 1671 339 1705 Gabinius
352 1671 424 1704 and
439 1671 530 1704 Piso.
570 1671 611 1703 In
625 1673 670 1704 54
683 1671 727 1704 he
740 1670 812 1704 had
826 1671 990 1704 returned
1003 1675 1041 1705 to
1053 1671 1114 1705 the
1127 1671 1268 1706 Senabe.
1306 1673 1348 1706 In

163 1717 207 1748 48
224 1714 269 1748 he
285 1714 386 1748 acted
404 1725 442 1747 as
460 1714 632 1747 mediator
647 1713 805 1747 between
822 1714 944 1747 Cicero
960 1714 1032 1747 and
1049 1715 1208 1757 Antony,
1225 1714 1297 1748 and
1313 1717 1348 1748 in
1420 1747 1421 1750 ,

163 1761 207 1791 45
223 1768 295 1790 was
309 1757 433 1791 aedile.
473 1757 530 1790 He
545 1759 573 1790 is
589 1758 695 1800 again
711 1757 912 1790 mentioned
929 1759 964 1790 in
981 1759 1039 1790 xii.
1054 1759 1111 1790 29.
1126 1759 1149 1790 2
1164 1757 1236 1790 and
1251 1760 1284 1791 3.

212 1799 225 1819 δ
250 1800 348 1833 Each
372 1804 488 1833 turma
510 1801 551 1833 of
568 1799 711 1842 cavalry
732 1799 804 1832 had
825 1801 878 1832 six
899 1800 1034 1833 officers
1056 1801 1092 1833 in
1114 1800 1350 1833 command—

162 1845 185 1876 3
215 1844 413 1876 decuriones
443 1842 515 1875 and
542 1845 564 1875 3
591 1843 746 1884 optiones
772 1842 982 1884 (adjutants)
997 1855 1006 1880 ς
1047 1842 1146 1876 these
1172 1854 1262 1876 were
1289 1843 1348 1876 the
1411 1873 1415 1876 .

163 1886 213 1918 VJ
232 1886 305 1919 viri
326 1887 481 1928 equitum
498 1885 747 1919 Romanorum.
793 1885 867 1918 The
889 1885 965 1919 first
986 1886 1124 1919 decurio
1140 1887 1181 1918 of
1198 1886 1258 1919 the
1274 1886 1349 1920 first
1412 1916 1415 1917 γ

163 1933 279 1962 turma
295 1939 366 1963 was
381 1928 493 1962 called
509 1929 673 1971 princeps
689 1929 843 1971 equitum
857 1928 1095 1963 Romanorum
1110 1929 1166 1971 (or
1181 1930 1346 1971 equestris

161 1982 239 2020 470
