1448 2236
690 75 891 114 CICERO

195 180 228 217 si
258 179 420 230 quando
448 178 599 230 aliquid
630 179 799 230 dignum
821 184 959 217 nostro
980 181 1143 217 nomine
1167 180 1385 224 emisimus,

195 245 518 295 ingemiscamus,
540 243 648 294 quod
667 243 768 281 haec

273 326 478 367 pennigero,
495 335 567 357 non
583 326 760 367 armigero
776 326 812 358 in
828 335 975 367 corpore
989 324 1060 358 tela
1075 326 1313 363 exerceantur,

197 400 243 433 ut
261 397 319 432 ait
338 394 584 433 Philoctetes
602 395 711 446 apud
729 395 909 442 Accium,

266 475 405 509 abiecta
421 476 546 518 gloria.

157 551 179 584 2
198 546 279 585 Sed
295 552 436 585 tamen
453 550 588 585 omnia
605 547 701 585 mihi
722 553 854 593 erunt,
873 549 904 586 si
923 552 970 585 tu
987 548 1158 592 veneris,
1174 545 1385 590 hilariora3

198 624 446 662 quamquam
473 614 599 658 venis,
627 618 675 650 ut
702 614 788 663 ipse
817 611 1032 663 intellegis,
1054 614 1097 649 in
1121 613 1387 649 maximarum

199 679 313 727 quasi
329 690 566 714 concursum
583 679 892 728 occupationum
909 663 925 722 3*
951 689 1050 728 quas
1066 678 1113 721 si,
1129 680 1177 713 ut
1192 674 1387 719 volumus,

199 743 490 791 exceperimus,
509 754 585 792 ego
603 755 697 780 vero
715 741 886 779 multam
903 740 1077 780 salutem
1095 745 1138 778 et
1154 739 1240 778 foro
1258 739 1388 778 dicam

200 810 244 844 et
262 808 396 844 euriae
416 808 628 857 vivamque
647 812 785 844 tecum
804 805 978 844 multum
998 810 1042 844 et
1060 818 1152 843 cum
1170 805 1388 853 communi·
1441 835 1448 846 ,

199 870 274 908 bus
310 872 454 908 nostris
489 871 749 909 amatoribus.
803 870 909 908 Nam
945 875 988 908 et
1023 869 1181 907 Cassius
1216 873 1311 906 tuus
1346 871 1389 905 et

200 934 413 972 Dolabella
439 940 590 981 noster,
617 935 681 973 vel
707 937 842 986 potius
869 940 1043 986 uterque
1070 938 1221 979 noster,
1247 931 1388 970 studiis

200 998 343 1037 iisdem
362 1005 556 1037 tenentur
575 1005 618 1038 et
637 1002 736 1038 meis
756 1001 1005 1050 aequissimis
1025 1003 1196 1036 utuntur
1213 997 1388 1035 auribus.

201 1063 314 1114 Opus
342 1070 405 1102 est
430 1064 508 1102 huc
534 1064 716 1102 limatulo
743 1069 787 1102 et
810 1063 937 1115 polito
963 1069 1035 1102 tuo
1060 1062 1220 1107 iudicio,
1246 1066 1291 1099 et
1314 1059 1388 1098 illis
1440 1110 1443 1111 ⁷

200 1120 456 1167 interioribus
475 1128 621 1167 litteris
640 1132 735 1175 tuis,
751 1129 895 1180 quibus
915 1141 1037 1179 saepe
1063 1125 1389 1165 verecundiorem
1440 1111 1448 1159 Ξ

201 1206 268 1231 me
292 1196 333 1231 in
358 1193 559 1244 loquendo
583 1193 694 1232 facis.
751 1193 854 1231 Mihi
879 1195 987 1231 enim
1011 1192 1232 1230 iudicatum
1258 1195 1334 1235 est,
1356 1191 1389 1227 si
1445 1231 1448 1239 ἶ

201 1258 321 1296 modo
349 1258 424 1297 hoc
453 1258 601 1296 Caesar
628 1264 701 1296 aut
728 1261 908 1308 patietur
935 1262 1009 1295 aut
1035 1256 1159 1301 volet,
1186 1256 1390 1305 deponere
1442 1245 1448 1260 ¹

202 1322 311 1360 illam
328 1325 408 1360 iam
425 1336 652 1374 personam,
667 1326 710 1360 in
726 1336 807 1374 qua
824 1335 890 1360 me
907 1334 1030 1372 saepe
1047 1320 1103 1359 illi
1120 1323 1194 1371 ipsi
1212 1319 1388 1370 probavi,
1443 1319 1448 1356 ξ

201 1401 249 1425 ac
279 1401 344 1425 me
375 1393 510 1426 totum
539 1390 581 1426 in
610 1387 766 1426 litteras
797 1387 948 1425 abdere
977 1391 1195 1436 tecumque
1227 1389 1271 1422 et
1299 1396 1388 1421 cum
1445 1379 1448 1413 ἕ

202 1455 347 1490 ceteris
387 1466 525 1490 earum
562 1453 749 1491 studiosis
787 1452 1069 1490 honestissimo
1107 1451 1190 1488 otio
1226 1446 1388 1499 perfrui.

203 1517 264 1554 Tu
283 1517 430 1556 vellem.
448 1531 500 1555 ne
520 1520 672 1556 veritus
693 1531 814 1562 esses,
833 1530 886 1555 ne
910 1513 1080 1567 pigrius¹
1098 1514 1278 1565 legerem
1299 1518 1390 1550 tuas

202 1580 373 1627 litteras,
409 1584 442 1619 si
477 1582 574 1620 mihi
610 1580 970 1633 (quemadmodum
1005 1578 1157 1630 scribis)
1192 1578 1390 1628 longiores

203 1644 309 1684 forte
340 1648 541 1692 misisses3
587 1660 633 1685 ac
665 1646 783 1684 velim
814 1645 983 1697 posthac
1013 1647 1069 1682 sic
1099 1648 1270 1687 statuas,
1298 1646 1390 1679 tuas

204 1710 302 1749 mihi
322 1710 478 1749 litteras
499 1711 749 1762 longissimas
772 1723 953 1761 quasque
974 1710 1220 1760 gratissimas
1241 1705 1342 1744 fore.

330 1805 344 1825 ²
368 1805 537 1848 Madviy:
563 1804 725 1848 pluribus
741 1805 859 1846 vul9.;
886 1814 948 1846 per
964 1803 1126 1836 librarios
1145 1801 1269 1835 Orelli.

587 1919 603 1935 ⁰
627 1913 692 1947 See
708 1917 792 1946 note
806 1924 829 1946 a
845 1923 891 1945 on
907 1923 943 1954 p.
960 1913 1015 1944 94.

351 1959 365 1980 ⁶
389 1961 457 1997 i.e.,
473 1959 551 1992 that
566 1957 606 1990 of
616 1968 639 1990 a
654 1967 737 1989 man
753 1955 915 1998 engaged
931 1957 967 1988 in
982 1954 1103 1997 public
1116 1953 1248 1986 affairs.

214 2012 266 2058 96
