<?xml version="1.0" encoding="UTF-8"?>
<!DOCTYPE html PUBLIC "-//W3C//DTD XHTML 1.0 Transitional//EN"
    "http://www.w3.org/TR/xhtml1/DTD/xhtml1-transitional.dtd">
<html xmlns="http://www.w3.org/1999/xhtml" xml:lang="en" lang="en">
 <head>
  <title>
</title>
<meta http-equiv="Content-Type" content="text/html;charset=utf-8" />
  <meta name='ocr-system' content='tesseract 3.04.00' />
  <meta name='ocr-capabilities' content='ocr_page ocr_carea ocr_par ocr_line ocrx_word'/>
</head>
<body>
  <div class='ocr_page' id='page_1' title='image "./letterstohisfrie02ciceuoft_0036.png"; bbox 0 0 1430 2242; ppageno 0'>
   <div class='ocr_carea' id='block_1_1' title="bbox 629 42 829 81">
    <p class='ocr_par' dir='ltr' id='par_1_1' title="bbox 629 42 829 81">
     <span class='ocr_line' id='line_1_1' title="bbox 629 42 829 81; baseline 0.005 -1"><span class='ocrx_word' id='word_1_1' title='bbox 629 42 829 81; x_wconf 84' lang='lat' dir='ltr'>CICERO</span> 
     </span>
    </p>
   </div>
   <div class='ocr_carea' id='block_1_2' title="bbox 95 145 1324 1426">
    <p class='ocr_par' dir='ltr' id='par_1_2' title="bbox 95 145 1324 1426">
     <span class='ocr_line' id='line_1_2' title="bbox 135 145 1324 197; baseline 0 -13"><span class='ocrx_word' id='word_1_2' title='bbox 135 146 270 197; x_wconf 88' lang='lat' dir='ltr'><strong>aliqua</strong></span> <span class='ocrx_word' id='word_1_3' title='bbox 280 159 419 197; x_wconf 89' lang='lat' dir='ltr'><strong>pugna</strong></span> <span class='ocrx_word' id='word_1_4' title='bbox 432 147 447 184; x_wconf 93' lang='lat'>?</span> <span class='ocrx_word' id='word_1_5' title='bbox 474 146 590 194; x_wconf 83' lang='lat' dir='ltr'><strong>Quae</strong></span> <span class='ocrx_word' id='word_1_6' title='bbox 602 146 839 196; x_wconf 85' lang='lat' dir='ltr'>popularem</span> <span class='ocrx_word' id='word_1_7' title='bbox 851 146 1160 184; x_wconf 85' lang='lat' dir='ltr'><strong>admirationem</strong></span> <span class='ocrx_word' id='word_1_8' title='bbox 1171 145 1324 184; x_wconf 90' lang='lat' dir='ltr'><strong>habue-</strong></span> 
     </span>
     <span class='ocr_line' id='line_1_3' title="bbox 95 199 1322 248; baseline -0.001 -10"><span class='ocrx_word' id='word_1_9' title='bbox 95 206 116 238; x_wconf 88' lang='lat'><strong>3</strong></span> <span class='ocrx_word' id='word_1_10' title='bbox 134 206 243 246; x_wconf 91' lang='lat' dir='ltr'><strong>runt,</strong></span> <span class='ocrx_word' id='word_1_11' title='bbox 262 200 577 239; x_wconf 77' lang='lat' dir='ltr'><strong>delectationem</strong></span> <span class='ocrx_word' id='word_1_12' title='bbox 596 201 670 238; x_wconf 90' lang='lat' dir='ltr'><strong>tibi</strong></span> <span class='ocrx_word' id='word_1_13' title='bbox 694 200 844 237; x_wconf 89' lang='lat' dir='ltr'><strong>nullam</strong></span> <span class='ocrx_word' id='word_1_14' title='bbox 863 199 1109 239; x_wconf 77' lang='lat' dir='ltr'><strong>attulissent.</strong></span> <span class='ocrx_word' id='word_1_15' title='bbox 1150 200 1271 248; x_wconf 82' lang='lat' dir='ltr'><strong>Quod</strong></span> <span class='ocrx_word' id='word_1_16' title='bbox 1289 202 1322 238; x_wconf 91' lang='lat' dir='ltr'><strong>si</strong></span> 
     </span>
     <span class='ocr_line' id='line_1_4' title="bbox 134 253 1323 305; baseline 0.001 -14"><span class='ocrx_word' id='word_1_17' title='bbox 134 259 180 292; x_wconf 90' lang='lat' dir='ltr'><strong>tu</strong></span> <span class='ocrx_word' id='word_1_18' title='bbox 188 267 262 304; x_wconf 87' lang='lat' dir='ltr'><strong>per</strong></span> <span class='ocrx_word' id='word_1_19' title='bbox 275 267 342 292; x_wconf 92' lang='lat' dir='ltr'><strong>eos</strong></span> <span class='ocrx_word' id='word_1_20' title='bbox 351 254 437 292; x_wconf 88' lang='lat' dir='ltr'><strong>dies</strong></span> <span class='ocrx_word' id='word_1_21' title='bbox 448 267 613 304; x_wconf 88' lang='lat' dir='ltr'><strong>operam</strong></span> <span class='ocrx_word' id='word_1_22' title='bbox 623 253 771 292; x_wconf 85' lang='lat' dir='ltr'><strong>dedisti</strong></span> <span class='ocrx_word' id='word_1_23' title='bbox 783 253 1001 305; x_wconf 81' lang='lat' dir='ltr'><strong>Protogeni</strong></span> <span class='ocrx_word' id='word_1_24' title='bbox 1013 253 1323 299; x_wconf 85' lang='lat' dir='ltr'><strong>tuo‚dummodo</strong></span> 
     </span>
     <span class='ocr_line' id='line_1_5' title="bbox 136 306 1322 358; baseline -0.001 -13"><span class='ocrx_word' id='word_1_25' title='bbox 136 310 169 345; x_wconf 90' lang='lat' dir='ltr'><strong>is</strong></span> <span class='ocrx_word' id='word_1_26' title='bbox 189 309 263 346; x_wconf 88' lang='lat' dir='ltr'><strong>tibi</strong></span> <span class='ocrx_word' id='word_1_27' title='bbox 283 308 439 358; x_wconf 89' lang='lat' dir='ltr'><strong>quidvis</strong></span> <span class='ocrx_word' id='word_1_28' title='bbox 453 310 602 358; x_wconf 84' lang='lat' dir='ltr'><strong>potius,</strong></span> <span class='ocrx_word' id='word_1_29' title='bbox 615 321 737 358; x_wconf 88' lang='lat' dir='ltr'><strong>quam</strong></span> <span class='ocrx_word' id='word_1_30' title='bbox 756 310 957 346; x_wconf 90' lang='lat' dir='ltr'><strong>orationes</strong></span> <span class='ocrx_word' id='word_1_31' title='bbox 971 320 1082 346; x_wconf 86' lang='lat' dir='ltr'><strong>meas</strong></span> <span class='ocrx_word' id='word_1_32' title='bbox 1096 306 1256 358; x_wconf 86' lang='lat' dir='ltr'><strong>legerit,</strong></span> <span class='ocrx_word' id='word_1_33' title='bbox 1269 319 1322 344; x_wconf 88' lang='lat' dir='ltr'><strong>ne</strong></span> 
     </span>
     <span class='ocr_line' id='line_1_6' title="bbox 135 359 1323 412; baseline -0.001 -13"><span class='ocrx_word' id='word_1_34' title='bbox 135 367 182 399; x_wconf 92' lang='lat' dir='ltr'><strong>tu</strong></span> <span class='ocrx_word' id='word_1_35' title='bbox 194 361 304 400; x_wconf 92' lang='lat' dir='ltr'><strong>haud</strong></span> <span class='ocrx_word' id='word_1_36' title='bbox 315 361 449 411; x_wconf 88' lang='lat' dir='ltr'><strong>paullo</strong></span> <span class='ocrx_word' id='word_1_37' title='bbox 461 361 565 412; x_wconf 88' lang='lat' dir='ltr'><strong>plus,</strong></span> <span class='ocrx_word' id='word_1_38' title='bbox 578 375 701 412; x_wconf 92' lang='lat' dir='ltr'><strong>quam</strong></span> <span class='ocrx_word' id='word_1_39' title='bbox 713 363 927 412; x_wconf 91' lang='lat' dir='ltr'><strong>quisquam</strong></span> <span class='ocrx_word' id='word_1_40' title='bbox 938 366 1134 406; x_wconf 88' lang='lat' dir='ltr'><strong>nostrum,</strong></span> <span class='ocrx_word' id='word_1_41' title='bbox 1146 359 1323 399; x_wconf 85' lang='lat' dir='ltr'><strong>delecta-</strong></span> 
     </span>
     <span class='ocr_line' id='line_1_7' title="bbox 135 414 1322 466; baseline -0.001 -13"><span class='ocrx_word' id='word_1_42' title='bbox 135 418 254 453; x_wconf 83' lang='lat' dir='ltr'><strong>tionis</strong></span> <span class='ocrx_word' id='word_1_43' title='bbox 270 415 459 453; x_wconf 83' lang='lat' dir='ltr'><strong>habuisti.</strong></span> <span class='ocrx_word' id='word_1_44' title='bbox 514 415 603 453; x_wconf 91' lang='lat' dir='ltr'><strong>Non</strong></span> <span class='ocrx_word' id='word_1_45' title='bbox 621 417 729 453; x_wconf 88' lang='lat' dir='ltr'><strong>enim</strong></span> <span class='ocrx_word' id='word_1_46' title='bbox 743 420 787 453; x_wconf 92' lang='lat' dir='ltr'><strong>te</strong></span> <span class='ocrx_word' id='word_1_47' title='bbox 802 421 903 466; x_wconf 88' lang='lat' dir='ltr'><strong>puto</strong></span> <span class='ocrx_word' id='word_1_48' title='bbox 919 414 1094 453; x_wconf 88' lang='lat' dir='ltr'><strong>Graecos</strong></span> <span class='ocrx_word' id='word_1_49' title='bbox 1108 419 1183 452; x_wconf 92' lang='lat' dir='ltr'><strong>aut</strong></span> <span class='ocrx_word' id='word_1_50' title='bbox 1197 414 1322 453; x_wconf 83' lang='lat' dir='ltr'><strong>Oscos</strong></span> 
     </span>
     <span class='ocr_line' id='line_1_8' title="bbox 134 467 1321 519; baseline -0.001 -13"><span class='ocrx_word' id='word_1_51' title='bbox 134 469 248 507; x_wconf 92' lang='lat' dir='ltr'><strong>ludos</strong></span> <span class='ocrx_word' id='word_1_52' title='bbox 267 469 497 507; x_wconf 89' lang='lat' dir='ltr'><strong>desiderare</strong></span> <span class='ocrx_word' id='word_1_53' title='bbox 515 481 525 514; x_wconf 91' lang='lat'>;</span> <span class='ocrx_word' id='word_1_54' title='bbox 557 471 797 519; x_wconf 88' lang='lat' dir='ltr'><strong>praesertim</strong></span> <span class='ocrx_word' id='word_1_55' title='bbox 813 482 906 507; x_wconf 91' lang='lat' dir='ltr'><strong>cum</strong></span> <span class='ocrx_word' id='word_1_56' title='bbox 924 467 1048 507; x_wconf 85' lang='lat' dir='ltr'><strong>Oscos</strong></span> <span class='ocrx_word' id='word_1_57' title='bbox 1066 467 1181 506; x_wconf 90' lang='lat' dir='ltr'><strong>ludos</strong></span> <span class='ocrx_word' id='word_1_58' title='bbox 1198 467 1264 506; x_wconf 88' lang='lat' dir='ltr'><strong>vel</strong></span> <span class='ocrx_word' id='word_1_59' title='bbox 1280 469 1321 504; x_wconf 90' lang='lat' dir='ltr'><strong>in</strong></span> 
     </span>
     <span class='ocr_line' id='line_1_9' title="bbox 134 522 1321 573; baseline -0.001 -13"><span class='ocrx_word' id='word_1_60' title='bbox 134 528 280 561; x_wconf 90' lang='lat' dir='ltr'><strong>senatu</strong></span> <span class='ocrx_word' id='word_1_61' title='bbox 300 528 434 560; x_wconf 89' lang='lat' dir='ltr'><strong>vestro</strong></span> <span class='ocrx_word' id='word_1_62' title='bbox 456 528 640 573; x_wconf 88' lang='lat' dir='ltr'><strong>spectare</strong></span> <span class='ocrx_word' id='word_1_63' title='bbox 660 525 800 573; x_wconf 90' lang='lat' dir='ltr'><strong>possis,</strong></span> <span class='ocrx_word' id='word_1_64' title='bbox 822 522 996 560; x_wconf 88' lang='lat' dir='ltr'><strong>Graecos</strong></span> <span class='ocrx_word' id='word_1_65' title='bbox 1016 523 1076 560; x_wconf 87' lang='lat' dir='ltr'><strong>ita</strong></span> <span class='ocrx_word' id='word_1_66' title='bbox 1095 534 1178 559; x_wconf 89' lang='lat' dir='ltr'><strong>non</strong></span> <span class='ocrx_word' id='word_1_67' title='bbox 1197 532 1321 566; x_wconf 84' lang='lat' dir='ltr'><strong>ames,</strong></span> 
     </span>
     <span class='ocr_line' id='line_1_10' title="bbox 135 573 1320 627; baseline -0.002 -13"><span class='ocrx_word' id='word_1_68' title='bbox 135 582 182 614; x_wconf 93' lang='lat' dir='ltr'><strong>ut</strong></span> <span class='ocrx_word' id='word_1_69' title='bbox 204 589 256 614; x_wconf 90' lang='lat' dir='ltr'><strong>ne</strong></span> <span class='ocrx_word' id='word_1_70' title='bbox 279 577 332 615; x_wconf 92' lang='lat' dir='ltr'><strong>ad</strong></span> <span class='ocrx_word' id='word_1_71' title='bbox 354 576 488 614; x_wconf 88' lang='lat' dir='ltr'><strong>villam</strong></span> <span class='ocrx_word' id='word_1_72' title='bbox 511 577 676 627; x_wconf 89' lang='lat' dir='ltr'><strong>quidem</strong></span> <span class='ocrx_word' id='word_1_73' title='bbox 698 582 813 614; x_wconf 89' lang='lat' dir='ltr'><strong>tuam</strong></span> <span class='ocrx_word' id='word_1_74' title='bbox 835 578 899 613; x_wconf 89' lang='lat' dir='ltr'><strong>via</strong></span> <span class='ocrx_word' id='word_1_75' title='bbox 922 575 1078 613; x_wconf 90' lang='lat' dir='ltr'><strong>Graeca</strong></span> <span class='ocrx_word' id='word_1_76' title='bbox 1098 577 1157 612; x_wconf 93' lang='lat' dir='ltr'><strong>ire</strong></span> <span class='ocrx_word' id='word_1_77' title='bbox 1179 573 1320 612; x_wconf 90' lang='lat' dir='ltr'><strong>soleas.</strong></span> 
     </span>
     <span class='ocr_line' id='line_1_11' title="bbox 135 628 1322 681; baseline -0.001 -14"><span class='ocrx_word' id='word_1_78' title='bbox 135 630 240 668; x_wconf 87' lang='lat' dir='ltr'><strong>Nam</strong></span> <span class='ocrx_word' id='word_1_79' title='bbox 275 630 371 681; x_wconf 92' lang='lat' dir='ltr'><strong>quid</strong></span> <span class='ocrx_word' id='word_1_80' title='bbox 406 643 482 681; x_wconf 88' lang='lat' dir='ltr'><strong>ego</strong></span> <span class='ocrx_word' id='word_1_81' title='bbox 515 635 559 668; x_wconf 88' lang='lat' dir='ltr'><strong>te</strong></span> <span class='ocrx_word' id='word_1_82' title='bbox 592 629 768 668; x_wconf 90' lang='lat' dir='ltr'><strong>athletas</strong></span> <span class='ocrx_word' id='word_1_83' title='bbox 799 635 943 680; x_wconf 91' lang='lat' dir='ltr'><strong>putem</strong></span> <span class='ocrx_word' id='word_1_84' title='bbox 977 628 1220 674; x_wconf 88' lang='lat' dir='ltr'><strong>desiderare,</strong></span> <span class='ocrx_word' id='word_1_85' title='bbox 1253 630 1322 679; x_wconf 91' lang='lat' dir='ltr'><strong>qui</strong></span> 
     </span>
     <span class='ocr_line' id='line_1_12' title="bbox 134 681 1321 736; baseline -0.001 -15"><span class='ocrx_word' id='word_1_86' title='bbox 134 684 378 736; x_wconf 81' lang='lat' dir='ltr'><strong>gladiatores</strong></span> <span class='ocrx_word' id='word_1_87' title='bbox 403 684 724 734; x_wconf 85' lang='lat' dir='ltr'><strong>contempseris?</strong></span> <span class='ocrx_word' id='word_1_88' title='bbox 762 686 805 721; x_wconf 91' lang='lat' dir='ltr'><strong>in</strong></span> <span class='ocrx_word' id='word_1_89' title='bbox 828 683 972 734; x_wconf 86' lang='lat' dir='ltr'><strong>quibus</strong></span> <span class='ocrx_word' id='word_1_90' title='bbox 995 685 1083 733; x_wconf 89' lang='lat' dir='ltr'><strong>ipse</strong></span> <span class='ocrx_word' id='word_1_91' title='bbox 1107 681 1321 732; x_wconf 88' lang='lat' dir='ltr'><strong>Pompeius</strong></span> 
     </span>
     <span class='ocr_line' id='line_1_13' title="bbox 135 735 1321 788; baseline -0.003 -13"><span class='ocrx_word' id='word_1_92' title='bbox 135 738 351 776; x_wconf 89' lang='lat' dir='ltr'><strong>confitetur</strong></span> <span class='ocrx_word' id='word_1_93' title='bbox 363 751 406 775; x_wconf 92' lang='lat' dir='ltr'><strong>se</strong></span> <span class='ocrx_word' id='word_1_94' title='bbox 421 743 463 775; x_wconf 90' lang='lat' dir='ltr'><strong>et</strong></span> <span class='ocrx_word' id='word_1_95' title='bbox 475 751 640 788; x_wconf 87' lang='lat' dir='ltr'><strong>operam</strong></span> <span class='ocrx_word' id='word_1_96' title='bbox 653 743 697 775; x_wconf 92' lang='lat' dir='ltr'><strong>et</strong></span> <span class='ocrx_word' id='word_1_97' title='bbox 708 737 842 775; x_wconf 90' lang='lat' dir='ltr'><strong>oleum</strong></span> <span class='ocrx_word' id='word_1_98' title='bbox 853 736 1088 787; x_wconf 84' lang='lat' dir='ltr'><strong>perdidisse.</strong></span> <span class='ocrx_word' id='word_1_99' title='bbox 1126 735 1321 786; x_wconf 88' lang='lat' dir='ltr'><strong>Reliquae</strong></span> 
     </span>
     <span class='ocr_line' id='line_1_14' title="bbox 135 788 1321 841; baseline -0.003 -12"><span class='ocrx_word' id='word_1_100' title='bbox 135 797 230 830; x_wconf 91' lang='lat' dir='ltr'><strong>sunt</strong></span> <span class='ocrx_word' id='word_1_101' title='bbox 247 794 482 829; x_wconf 89' lang='lat' dir='ltr'><strong>venationes</strong></span> <span class='ocrx_word' id='word_1_102' title='bbox 500 792 619 829; x_wconf 86' lang='lat' dir='ltr'><strong>binae</strong></span> <span class='ocrx_word' id='word_1_103' title='bbox 637 804 711 841; x_wconf 91' lang='lat' dir='ltr'><strong>per</strong></span> <span class='ocrx_word' id='word_1_104' title='bbox 728 791 825 829; x_wconf 58' lang='lat' dir='ltr'><strong>dies</strong></span> <span class='ocrx_word' id='word_1_105' title='bbox 832 793 1010 841; x_wconf 92' lang='lat' dir='ltr'><strong>quinque</strong></span> <span class='ocrx_word' id='word_1_106' title='bbox 1027 802 1038 834; x_wconf 92' lang='lat'>;</span> <span class='ocrx_word' id='word_1_107' title='bbox 1069 788 1321 840; x_wconf 88' lang='lat' dir='ltr'><strong>magnificae,</strong></span> 
     </span>
     <span class='ocr_line' id='line_1_15' title="bbox 134 841 1321 895; baseline -0.003 -12"><span class='ocrx_word' id='word_1_108' title='bbox 134 858 254 883; x_wconf 90' lang='lat' dir='ltr'><strong>nemo</strong></span> <span class='ocrx_word' id='word_1_109' title='bbox 286 851 424 895; x_wconf 87' lang='lat' dir='ltr'><strong>negat.</strong></span> <span class='ocrx_word' id='word_1_110' title='bbox 477 844 558 884; x_wconf 90' lang='lat' dir='ltr'><strong>Sed</strong></span> <span class='ocrx_word' id='word_1_111' title='bbox 590 857 694 895; x_wconf 88' lang='lat' dir='ltr'><strong>quae</strong></span> <span class='ocrx_word' id='word_1_112' title='bbox 725 850 863 895; x_wconf 91' lang='lat' dir='ltr'><strong>potest</strong></span> <span class='ocrx_word' id='word_1_113' title='bbox 893 843 1045 882; x_wconf 90' lang='lat' dir='ltr'><strong>homini</strong></span> <span class='ocrx_word' id='word_1_114' title='bbox 1077 855 1165 880; x_wconf 90' lang='lat' dir='ltr'><strong>esse</strong></span> <span class='ocrx_word' id='word_1_115' title='bbox 1194 841 1321 892; x_wconf 79' lang='lat' dir='ltr'><strong>polito</strong></span> 
     </span>
     <span class='ocr_line' id='line_1_16' title="bbox 134 896 1321 944; baseline -0.003 -7"><span class='ocrx_word' id='word_1_116' title='bbox 134 898 366 944; x_wconf 86' lang='lat' dir='ltr'><strong>delectatio,</strong></span> <span class='ocrx_word' id='word_1_117' title='bbox 393 912 485 936; x_wconf 89' lang='lat' dir='ltr'><strong>cum</strong></span> <span class='ocrx_word' id='word_1_118' title='bbox 511 904 583 936; x_wconf 93' lang='lat' dir='ltr'><strong>aut</strong></span> <span class='ocrx_word' id='word_1_119' title='bbox 607 898 727 936; x_wconf 92' lang='lat' dir='ltr'><strong>homo</strong></span> <span class='ocrx_word' id='word_1_120' title='bbox 753 897 974 936; x_wconf 85' lang='lat' dir='ltr'><strong>imbecillus</strong></span> <span class='ocrx_word' id='word_1_121' title='bbox 999 910 1025 934; x_wconf 91' lang='lat' dir='ltr'><strong>a</strong></span> <span class='ocrx_word' id='word_1_122' title='bbox 1049 896 1321 934; x_wconf 84' lang='lat' dir='ltr'><strong>valentissima</strong></span> 
     </span>
     <span class='ocr_line' id='line_1_17' title="bbox 135 949 1320 1002; baseline -0.003 -12"><span class='ocrx_word' id='word_1_123' title='bbox 135 953 267 990; x_wconf 91' lang='lat' dir='ltr'><strong>bestia</strong></span> <span class='ocrx_word' id='word_1_124' title='bbox 287 952 475 997; x_wconf 83' lang='lat' dir='ltr'><strong>laniatur,</strong></span> <span class='ocrx_word' id='word_1_125' title='bbox 498 957 571 990; x_wconf 91' lang='lat' dir='ltr'><strong>aut</strong></span> <span class='ocrx_word' id='word_1_126' title='bbox 591 951 797 1002; x_wconf 85' lang='lat' dir='ltr'><strong>praeclara</strong></span> <span class='ocrx_word' id='word_1_127' title='bbox 819 952 951 989; x_wconf 90' lang='lat' dir='ltr'><strong>bestia</strong></span> <span class='ocrx_word' id='word_1_128' title='bbox 971 949 1170 988; x_wconf 89' lang='lat' dir='ltr'><strong>venabulo</strong></span> <span class='ocrx_word' id='word_1_129' title='bbox 1192 954 1320 987; x_wconf 81' lang='lat' dir='ltr'><strong>trans-</strong></span> 
     </span>
     <span class='ocr_line' id='line_1_18' title="bbox 134 1004 1320 1053; baseline -0.003 -9"><span class='ocrx_word' id='word_1_130' title='bbox 134 1007 370 1044; x_wconf 88' lang='lat' dir='ltr'><strong>verberatur</strong></span> <span class='ocrx_word' id='word_1_131' title='bbox 387 1007 402 1043; x_wconf 90' lang='lat'>?</span> <span class='ocrx_word' id='word_1_132' title='bbox 456 1006 572 1053; x_wconf 82' lang='lat' dir='ltr'><strong>Quae</strong></span> <span class='ocrx_word' id='word_1_133' title='bbox 605 1011 758 1051; x_wconf 89' lang='lat' dir='ltr'><strong>tamen,</strong></span> <span class='ocrx_word' id='word_1_134' title='bbox 789 1007 822 1044; x_wconf 88' lang='lat' dir='ltr'><strong>si</strong></span> <span class='ocrx_word' id='word_1_135' title='bbox 854 1004 1027 1042; x_wconf 88' lang='lat' dir='ltr'><strong>videnda</strong></span> <span class='ocrx_word' id='word_1_136' title='bbox 1058 1008 1167 1048; x_wconf 84' lang='lat' dir='ltr'><strong>sunt,</strong></span> <span class='ocrx_word' id='word_1_137' title='bbox 1198 1015 1320 1053; x_wconf 86' lang='lat' dir='ltr'><strong>saepe</strong></span> 
     </span>
     <span class='ocr_line' id='line_1_19' title="bbox 135 1056 1321 1110; baseline -0.003 -12"><span class='ocrx_word' id='word_1_138' title='bbox 135 1060 268 1098; x_wconf 84' lang='lat' dir='ltr'><strong>vidisti</strong></span> <span class='ocrx_word' id='word_1_139' title='bbox 286 1073 296 1105; x_wconf 92' lang='lat'>;</span> <span class='ocrx_word' id='word_1_140' title='bbox 331 1073 464 1110; x_wconf 89' lang='lat' dir='ltr'><strong>neque</strong></span> <span class='ocrx_word' id='word_1_141' title='bbox 484 1073 570 1105; x_wconf 92' lang='lat' dir='ltr'><strong>nos,</strong></span> <span class='ocrx_word' id='word_1_142' title='bbox 590 1062 659 1110; x_wconf 91' lang='lat' dir='ltr'><strong>qui</strong></span> <span class='ocrx_word' id='word_1_143' title='bbox 678 1058 777 1096; x_wconf 90' lang='lat' dir='ltr'><strong>haec</strong></span> <span class='ocrx_word' id='word_1_144' title='bbox 798 1060 1080 1109; x_wconf 86' lang='lat' dir='ltr'><strong>spectavimus,</strong></span> <span class='ocrx_word' id='word_1_145' title='bbox 1099 1056 1321 1108; x_wconf 85' lang='lat' dir='ltr'><strong>quidquam</strong></span> 
     </span>
     <span class='ocr_line' id='line_1_20' title="bbox 135 1108 1320 1163; baseline -0.003 -12"><span class='ocrx_word' id='word_1_146' title='bbox 135 1116 227 1152; x_wconf 90' lang='lat' dir='ltr'><strong>novi</strong></span> <span class='ocrx_word' id='word_1_147' title='bbox 260 1114 445 1152; x_wconf 89' lang='lat' dir='ltr'><strong>vidimus.</strong></span> <span class='ocrx_word' id='word_1_148' title='bbox 498 1114 716 1151; x_wconf 88' lang='lat' dir='ltr'><strong>Extremus</strong></span> <span class='ocrx_word' id='word_1_149' title='bbox 753 1112 1060 1163; x_wconf 87' lang='lat' dir='ltr'><strong>elephantorum</strong></span> <span class='ocrx_word' id='word_1_150' title='bbox 1094 1110 1180 1149; x_wconf 86' lang='lat' dir='ltr'><strong>dies</strong></span> <span class='ocrx_word' id='word_1_151' title='bbox 1214 1108 1320 1155; x_wconf 85' lang='lat' dir='ltr'><strong>fuit;</strong></span> 
     </span>
     <span class='ocr_line' id='line_1_21' title="bbox 134 1163 1320 1218; baseline -0.004 -13"><span class='ocrx_word' id='word_1_152' title='bbox 134 1170 176 1205; x_wconf 93' lang='lat' dir='ltr'><strong>in</strong></span> <span class='ocrx_word' id='word_1_153' title='bbox 189 1180 269 1218; x_wconf 93' lang='lat' dir='ltr'><strong>quo</strong></span> <span class='ocrx_word' id='word_1_154' title='bbox 282 1168 494 1205; x_wconf 86' lang='lat' dir='ltr'><strong>admiratio</strong></span> <span class='ocrx_word' id='word_1_155' title='bbox 509 1180 657 1217; x_wconf 88' lang='lat' dir='ltr'><strong>magna</strong></span> <span class='ocrx_word' id='word_1_156' title='bbox 670 1166 779 1217; x_wconf 84' lang='lat' dir='ltr'><strong>vulgi</strong></span> <span class='ocrx_word' id='word_1_157' title='bbox 791 1171 917 1216; x_wconf 89' lang='lat' dir='ltr'><strong>atque</strong></span> <span class='ocrx_word' id='word_1_158' title='bbox 930 1164 1090 1209; x_wconf 87' lang='lat' dir='ltr'><strong>turbae,</strong></span> <span class='ocrx_word' id='word_1_159' title='bbox 1102 1163 1320 1202; x_wconf 88' lang='lat' dir='ltr'><strong>delectatio</strong></span> 
     </span>
     <span class='ocr_line' id='line_1_22' title="bbox 134 1216 1321 1268; baseline -0.003 -10"><span class='ocrx_word' id='word_1_160' title='bbox 134 1221 243 1258; x_wconf 91' lang='lat' dir='ltr'><strong>nulla</strong></span> <span class='ocrx_word' id='word_1_161' title='bbox 281 1223 452 1259; x_wconf 87' lang='lat' dir='ltr'><strong>exstitit.</strong></span> <span class='ocrx_word' id='word_1_162' title='bbox 506 1221 614 1268; x_wconf 82' lang='lat' dir='ltr'><strong>Quin</strong></span> <span class='ocrx_word' id='word_1_163' title='bbox 653 1223 777 1258; x_wconf 88' lang='lat' dir='ltr'><strong>etiam</strong></span> <span class='ocrx_word' id='word_1_164' title='bbox 813 1218 1083 1256; x_wconf 87' lang='lat' dir='ltr'><strong>misericordia</strong></span> <span class='ocrx_word' id='word_1_165' title='bbox 1119 1216 1321 1268; x_wconf 79' lang='lat' dir='ltr'><strong>quaedam</strong></span> 
     </span>
     <span class='ocr_line' id='line_1_23' title="bbox 134 1270 1320 1325; baseline -0.005 -12"><span class='ocrx_word' id='word_1_166' title='bbox 134 1280 350 1313; x_wconf 87' lang='lat' dir='ltr'><strong>consecuta</strong></span> <span class='ocrx_word' id='word_1_167' title='bbox 373 1280 436 1312; x_wconf 87' lang='lat' dir='ltr'><strong>est</strong></span> <span class='ocrx_word' id='word_1_168' title='bbox 457 1280 582 1325; x_wconf 88' lang='lat' dir='ltr'><strong>atque</strong></span> <span class='ocrx_word' id='word_1_169' title='bbox 605 1276 738 1324; x_wconf 91' lang='lat' dir='ltr'><strong>opinio</strong></span> <span class='ocrx_word' id='word_1_170' title='bbox 761 1272 969 1317; x_wconf 85' lang='lat' dir='ltr'><strong>eiusmodi,</strong></span> <span class='ocrx_word' id='word_1_171' title='bbox 993 1284 1080 1309; x_wconf 85' lang='lat' dir='ltr'><strong>esse</strong></span> <span class='ocrx_word' id='word_1_172' title='bbox 1103 1270 1320 1322; x_wconf 86' lang='lat' dir='ltr'><strong>quamdam</strong></span> 
     </span>
     <span class='ocr_line' id='line_1_24' title="bbox 96 1323 1320 1379; baseline -0.005 -13"><span class='ocrx_word' id='word_1_173' title='bbox 96 1334 116 1365; x_wconf 84' lang='lat'>4</span> <span class='ocrx_word' id='word_1_174' title='bbox 134 1328 190 1366; x_wconf 92' lang='lat' dir='ltr'><strong>illi</strong></span> <span class='ocrx_word' id='word_1_175' title='bbox 206 1329 365 1366; x_wconf 87' lang='lat' dir='ltr'><strong>belluae</strong></span> <span class='ocrx_word' id='word_1_176' title='bbox 382 1342 474 1366; x_wconf 86' lang='lat' dir='ltr'><strong>cum</strong></span> <span class='ocrx_word' id='word_1_177' title='bbox 489 1341 640 1379; x_wconf 86' lang='lat' dir='ltr'><strong>genere</strong></span> <span class='ocrx_word' id='word_1_178' title='bbox 657 1327 832 1366; x_wconf 90' lang='lat' dir='ltr'><strong>humano</strong></span> <span class='ocrx_word' id='word_1_179' title='bbox 849 1328 1100 1364; x_wconf 89' lang='lat' dir='ltr'><strong>societatem.</strong></span> <span class='ocrx_word' id='word_1_180' title='bbox 1153 1323 1227 1362; x_wconf 88' lang='lat' dir='ltr'><strong>His</strong></span> <span class='ocrx_word' id='word_1_181' title='bbox 1244 1335 1320 1373; x_wconf 87' lang='lat' dir='ltr'><strong>ego</strong></span> 
     </span>
     <span class='ocr_line' id='line_1_25' title="bbox 134 1378 1320 1426; baseline -0.005 -6"><span class='ocrx_word' id='word_1_182' title='bbox 134 1388 274 1420; x_wconf 90' lang='lat' dir='ltr'><strong>tamen</strong></span> <span class='ocrx_word' id='word_1_183' title='bbox 295 1383 437 1420; x_wconf 90' lang='lat' dir='ltr'><strong>diebus</strong></span> <span class='ocrx_word' id='word_1_184' title='bbox 460 1382 562 1420; x_wconf 86' lang='lat' dir='ltr'><strong>ludis</strong></span> <span class='ocrx_word' id='word_1_185' title='bbox 585 1383 763 1426; x_wconf 89' lang='lat' dir='ltr'><strong>scenicis,</strong></span> <span class='ocrx_word' id='word_1_186' title='bbox 785 1393 837 1418; x_wconf 90' lang='lat' dir='ltr'><strong>ne</strong></span> <span class='ocrx_word' id='word_1_187' title='bbox 857 1379 964 1417; x_wconf 87' lang='lat' dir='ltr'><strong>forte</strong></span> <span class='ocrx_word' id='word_1_188' title='bbox 985 1378 1123 1417; x_wconf 84' lang='lat' dir='ltr'><strong>videar</strong></span> <span class='ocrx_word' id='word_1_189' title='bbox 1144 1378 1219 1415; x_wconf 91' lang='lat' dir='ltr'><strong>tibi</strong></span> <span class='ocrx_word' id='word_1_190' title='bbox 1239 1390 1320 1414; x_wconf 92' lang='lat' dir='ltr'><strong>non</strong></span> 
     </span>
    </p>
   </div>
   <div class='ocr_carea' id='block_1_3' title="bbox 134 1495 1321 1799">
    <p class='ocr_par' dir='ltr' id='par_1_3' title="bbox 134 1495 1321 1799">
     <span class='ocr_line' id='line_1_26' title="bbox 183 1495 1321 1544; baseline -0.005 -9"><span class='ocrx_word' id='word_1_191' title='bbox 183 1507 198 1523; x_wconf 82' lang='lat'><strong>⁴¹</strong></span> <span class='ocrx_word' id='word_1_192' title='bbox 226 1502 362 1535; x_wconf 90' lang='lat' dir='ltr'><strong>Marius</strong></span> <span class='ocrx_word' id='word_1_193' title='bbox 376 1502 480 1535; x_wconf 84' lang='lat' dir='ltr'><strong>could</strong></span> <span class='ocrx_word' id='word_1_194' title='bbox 496 1505 556 1544; x_wconf 84' lang='lat' dir='ltr'><strong>get</strong></span> <span class='ocrx_word' id='word_1_195' title='bbox 572 1512 612 1534; x_wconf 92' lang='lat' dir='ltr'><strong>as</strong></span> <span class='ocrx_word' id='word_1_196' title='bbox 628 1501 734 1533; x_wconf 89' lang='lat' dir='ltr'><strong>much</strong></span> <span class='ocrx_word' id='word_1_197' title='bbox 749 1500 814 1533; x_wconf 88' lang='lat' dir='ltr'><strong>fun</strong></span> <span class='ocrx_word' id='word_1_198' title='bbox 829 1502 892 1533; x_wconf 82' lang='lat' dir='ltr'><strong>out</strong></span> <span class='ocrx_word' id='word_1_199' title='bbox 906 1499 946 1532; x_wconf 84' lang='lat' dir='ltr'><strong>of</strong></span> <span class='ocrx_word' id='word_1_200' title='bbox 962 1499 1022 1532; x_wconf 83' lang='lat' dir='ltr'><strong>the</strong></span> <span class='ocrx_word' id='word_1_201' title='bbox 1037 1496 1267 1540; x_wconf 74' lang='lat' dir='ltr'><strong>proceedings</strong></span> <span class='ocrx_word' id='word_1_202' title='bbox 1281 1495 1321 1530; x_wconf 85' lang='lat' dir='ltr'><strong>of</strong></span> 
     </span>
     <span class='ocr_line' id='line_1_27' title="bbox 137 1540 1318 1586; baseline -0.005 -8"><span class='ocrx_word' id='word_1_203' title='bbox 137 1546 191 1578; x_wconf 86' lang='lat' dir='ltr'><strong>his</strong></span> <span class='ocrx_word' id='word_1_204' title='bbox 205 1549 300 1578; x_wconf 89' lang='lat' dir='ltr'><strong>town</strong></span> <span class='ocrx_word' id='word_1_205' title='bbox 317 1546 455 1578; x_wconf 89' lang='lat' dir='ltr'><strong>council</strong></span> <span class='ocrx_word' id='word_1_206' title='bbox 472 1549 509 1578; x_wconf 86' lang='lat' dir='ltr'><strong>at</strong></span> <span class='ocrx_word' id='word_1_207' title='bbox 528 1545 686 1586; x_wconf 88' lang='lat' dir='ltr'><strong>Pompeii</strong></span> <span class='ocrx_word' id='word_1_208' title='bbox 702 1555 741 1577; x_wconf 91' lang='lat' dir='ltr'><strong>as</strong></span> <span class='ocrx_word' id='word_1_209' title='bbox 758 1546 820 1576; x_wconf 91' lang='lat' dir='ltr'><strong>out</strong></span> <span class='ocrx_word' id='word_1_210' title='bbox 837 1543 878 1576; x_wconf 84' lang='lat' dir='ltr'><strong>of</strong></span> <span class='ocrx_word' id='word_1_211' title='bbox 890 1543 951 1576; x_wconf 85' lang='lat' dir='ltr'><strong>the</strong></span> <span class='ocrx_word' id='word_1_212' title='bbox 965 1540 1131 1575; x_wconf 89' lang='lat' dir='ltr'><strong>broadest</strong></span> <span class='ocrx_word' id='word_1_213' title='bbox 1143 1540 1256 1573; x_wconf 81' lang='lat' dir='ltr'><strong>farces</strong></span> <span class='ocrx_word' id='word_1_214' title='bbox 1272 1550 1318 1572; x_wconf 89' lang='lat' dir='ltr'><strong>on</strong></span> 
     </span>
     <span class='ocr_line' id='line_1_28' title="bbox 137 1583 1319 1631; baseline -0.005 -9"><span class='ocrx_word' id='word_1_215' title='bbox 137 1590 197 1622; x_wconf 85' lang='lat' dir='ltr'><strong>the</strong></span> <span class='ocrx_word' id='word_1_216' title='bbox 205 1592 316 1631; x_wconf 82' lang='lat' dir='ltr'><strong>stage.</strong></span> <span class='ocrx_word' id='word_1_217' title='bbox 379 1589 435 1630; x_wconf 92' lang='lat' dir='ltr'><strong>By</strong></span> <span class='ocrx_word' id='word_1_218' title='bbox 448 1588 568 1621; x_wconf 87' lang='lat' dir='ltr'><strong>Oscan</strong></span> <span class='ocrx_word' id='word_1_219' title='bbox 580 1587 682 1629; x_wconf 88' lang='lat' dir='ltr'><strong>plays</strong></span> <span class='ocrx_word' id='word_1_220' title='bbox 695 1587 740 1620; x_wconf 91' lang='lat' dir='ltr'><strong>he</strong></span> <span class='ocrx_word' id='word_1_221' title='bbox 756 1596 879 1619; x_wconf 87' lang='lat' dir='ltr'><strong>means</strong></span> <span class='ocrx_word' id='word_1_222' title='bbox 894 1585 955 1618; x_wconf 86' lang='lat' dir='ltr'><strong>the</strong></span> <span class='ocrx_word' id='word_1_223' title='bbox 964 1584 1119 1618; x_wconf 80' lang='lat' dir='ltr'><strong>Fabulae</strong></span> <span class='ocrx_word' id='word_1_224' title='bbox 1130 1583 1319 1616; x_wconf 76' lang='lat' dir='ltr'><strong>Atellanae</strong></span> 
     </span>
     <span class='ocr_line' id='line_1_29' title="bbox 134 1625 1318 1708; baseline -0.006 -43"><span class='ocrx_word' id='word_1_225' title='bbox 134 1632 252 1708; x_wconf 56' lang='lat' dir='ltr'><strong>ghich</strong></span> <span class='ocrx_word' id='word_1_226' title='bbox 270 1631 471 1674; x_wconf 85' lang='lat' dir='ltr'><strong>originated</strong></span> <span class='ocrx_word' id='word_1_227' title='bbox 489 1633 524 1663; x_wconf 87' lang='lat' dir='ltr'><strong>in</strong></span> <span class='ocrx_word' id='word_1_228' title='bbox 540 1630 670 1668; x_wconf 87' lang='lat' dir='ltr'><strong>Atella,</strong></span> <span class='ocrx_word' id='word_1_229' title='bbox 690 1641 736 1662; x_wconf 87' lang='lat' dir='ltr'><strong>an</strong></span> <span class='ocrx_word' id='word_1_230' title='bbox 759 1631 902 1662; x_wconf 89' lang='lat' dir='ltr'><strong>ancient</strong></span> <span class='ocrx_word' id='word_1_231' title='bbox 917 1631 1012 1661; x_wconf 83' lang='lat' dir='ltr'><strong>town</strong></span> <span class='ocrx_word' id='word_1_232' title='bbox 1033 1628 1075 1660; x_wconf 89' lang='lat' dir='ltr'><strong>of</strong></span> <span class='ocrx_word' id='word_1_233' title='bbox 1093 1626 1154 1660; x_wconf 89' lang='lat' dir='ltr'><strong>the</strong></span> <span class='ocrx_word' id='word_1_234' title='bbox 1169 1625 1265 1664; x_wconf 79' lang='lat' dir='ltr'><strong>Osci,</strong></span> <span class='ocrx_word' id='word_1_235' title='bbox 1281 1626 1318 1658; x_wconf 88' lang='lat' dir='ltr'><strong>in</strong></span> 
     </span>
     <span class='ocr_line' id='line_1_30' title="bbox 164 1686 346 1708; baseline -0.005 0"><span class='ocrx_word' id='word_1_236' title='bbox 164 1687 223 1708; x_wconf 81' lang='lat' dir='ltr'><strong>am</strong></span> <span class='ocrx_word' id='word_1_237' title='bbox 251 1686 346 1708; x_wconf 86' lang='lat' dir='ltr'><strong>ama.</strong></span> 
     </span>
     <span class='ocr_line' id='line_1_31' title="bbox 184 1686 1122 1757; baseline -0.006 -6"><span class='ocrx_word' id='word_1_238' title='bbox 184 1718 198 1738; x_wconf 72' lang='lat'><em>⁶</em></span> <span class='ocrx_word' id='word_1_239' title='bbox 221 1686 296 1751; x_wconf 55' lang='lat' dir='ltr'><strong>lehe</strong></span> <span class='ocrx_word' id='word_1_240' title='bbox 311 1717 396 1750; x_wconf 88' lang='lat' dir='ltr'><strong>road</strong></span> <span class='ocrx_word' id='word_1_241' title='bbox 411 1715 578 1750; x_wconf 86' lang='lat' dir='ltr'><strong>so-called</strong></span> <span class='ocrx_word' id='word_1_242' title='bbox 594 1726 664 1748; x_wconf 89' lang='lat' dir='ltr'><strong>was</strong></span> <span class='ocrx_word' id='word_1_243' title='bbox 679 1714 855 1757; x_wconf 87' lang='lat' dir='ltr'><strong>probably</strong></span> <span class='ocrx_word' id='word_1_244' title='bbox 869 1717 932 1747; x_wconf 85' lang='lat' dir='ltr'><strong>out</strong></span> <span class='ocrx_word' id='word_1_245' title='bbox 945 1713 986 1747; x_wconf 85' lang='lat' dir='ltr'><strong>of</strong></span> <span class='ocrx_word' id='word_1_246' title='bbox 997 1714 1122 1755; x_wconf 77' lang='lat' dir='ltr'><strong>repair-</strong></span> 
     </span>
     <span class='ocr_line' id='line_1_32' title="bbox 186 1753 1318 1799; baseline -0.007 -4"><span class='ocrx_word' id='word_1_247' title='bbox 186 1766 199 1782; x_wconf 55' lang='grc' dir='ltr'><strong><em>θ</em></strong></span> <span class='ocrx_word' id='word_1_248' title='bbox 222 1761 244 1775; x_wconf 88' lang='grc'>“</span> <span class='ocrx_word' id='word_1_249' title='bbox 258 1762 334 1794; x_wconf 93' lang='lat' dir='ltr'><strong>The</strong></span> <span class='ocrx_word' id='word_1_250' title='bbox 353 1761 503 1794; x_wconf 85' lang='lat' dir='ltr'><strong>allusion</strong></span> <span class='ocrx_word' id='word_1_251' title='bbox 524 1761 553 1792; x_wconf 91' lang='lat' dir='ltr'><strong>is</strong></span> <span class='ocrx_word' id='word_1_252' title='bbox 578 1762 615 1791; x_wconf 85' lang='lat' dir='ltr'><strong>to</strong></span> <span class='ocrx_word' id='word_1_253' title='bbox 637 1759 645 1772; x_wconf 76' lang='lat'><strong>⁴</strong></span> <span class='ocrx_word' id='word_1_254' title='bbox 662 1758 839 1799; x_wconf 81' lang='lat' dir='ltr'><strong>midnight</strong></span> <span class='ocrx_word' id='word_1_255' title='bbox 859 1757 907 1790; x_wconf 91' lang='lat' dir='ltr'><strong>oil</strong></span> <span class='ocrx_word' id='word_1_256' title='bbox 921 1757 930 1771; x_wconf 90' lang='lat'>&#39;</span> <span class='ocrx_word' id='word_1_257' title='bbox 951 1756 1023 1789; x_wconf 91' lang='lat' dir='ltr'><strong>and</strong></span> <span class='ocrx_word' id='word_1_258' title='bbox 1043 1758 1106 1789; x_wconf 91' lang='lat' dir='ltr'><strong>not</strong></span> <span class='ocrx_word' id='word_1_259' title='bbox 1127 1758 1165 1788; x_wconf 85' lang='lat' dir='ltr'><strong>to</strong></span> <span class='ocrx_word' id='word_1_260' title='bbox 1190 1754 1251 1787; x_wconf 78' lang='lat' dir='ltr'><strong>the</strong></span> <span class='ocrx_word' id='word_1_261' title='bbox 1270 1753 1318 1787; x_wconf 82' lang='lat' dir='ltr'><strong>oil</strong></span> 
     </span>
    </p>
   </div>
   <div class='ocr_carea' id='block_1_4' title="bbox 138 1800 1318 1972">
    <p class='ocr_par' dir='ltr' id='par_1_4' title="bbox 138 1800 907 1844">
     <span class='ocr_line' id='line_1_33' title="bbox 138 1800 907 1844; baseline -0.008 -6"><span class='ocrx_word' id='word_1_262' title='bbox 138 1804 223 1838; x_wconf 89' lang='lat' dir='ltr'><strong>used</strong></span> <span class='ocrx_word' id='word_1_263' title='bbox 242 1806 276 1837; x_wconf 92' lang='lat' dir='ltr'><strong>in</strong></span> <span class='ocrx_word' id='word_1_264' title='bbox 293 1804 354 1837; x_wconf 85' lang='lat' dir='ltr'><strong>the</strong></span> <span class='ocrx_word' id='word_1_265' title='bbox 368 1805 524 1844; x_wconf 81' lang='lat' dir='ltr'><strong>training</strong></span> <span class='ocrx_word' id='word_1_266' title='bbox 539 1801 713 1835; x_wconf 84' lang='lat' dir='ltr'><strong>schools.‘’</strong></span> <span class='ocrx_word' id='word_1_267' title='bbox 760 1800 907 1842; x_wconf 84' lang='lat' dir='ltr'><strong>Tyrrell.</strong></span> 
     </span>
    </p>

    <p class='ocr_par' dir='ltr' id='par_1_5' title="bbox 138 1840 1318 1972">
     <span class='ocr_line' id='line_1_34' title="bbox 184 1840 1318 1889; baseline -0.007 -9"><span class='ocrx_word' id='word_1_268' title='bbox 184 1848 200 1867; x_wconf 75' lang='lat'><strong>⁶¹</strong></span> <span class='ocrx_word' id='word_1_269' title='bbox 225 1848 327 1889; x_wconf 85' lang='lat' dir='ltr'><strong>Pliny</strong></span> <span class='ocrx_word' id='word_1_270' title='bbox 348 1847 461 1889; x_wconf 90' lang='lat' dir='ltr'><strong>(N.H.</strong></span> <span class='ocrx_word' id='word_1_271' title='bbox 478 1847 548 1879; x_wconf 88' lang='lat' dir='ltr'><strong>viii.</strong></span> <span class='ocrx_word' id='word_1_272' title='bbox 567 1847 622 1878; x_wconf 74' lang='lat'><strong>20.</strong></span> <span class='ocrx_word' id='word_1_273' title='bbox 643 1844 702 1885; x_wconf 74' lang='lat'><strong>21)</strong></span> <span class='ocrx_word' id='word_1_274' title='bbox 726 1844 803 1877; x_wconf 81' lang='lat' dir='ltr'><strong>tells</strong></span> <span class='ocrx_word' id='word_1_275' title='bbox 823 1854 864 1876; x_wconf 90' lang='lat' dir='ltr'><strong>us</strong></span> <span class='ocrx_word' id='word_1_276' title='bbox 885 1843 963 1875; x_wconf 81' lang='lat' dir='ltr'><strong>that</strong></span> <span class='ocrx_word' id='word_1_277' title='bbox 982 1844 1116 1883; x_wconf 86' lang='lat' dir='ltr'><strong>twenty</strong></span> <span class='ocrx_word' id='word_1_278' title='bbox 1135 1840 1318 1882; x_wconf 78' lang='lat' dir='ltr'><strong>elephants</strong></span> 
     </span>
     <span class='ocr_line' id='line_1_35' title="bbox 138 1883 1316 1928; baseline -0.008 -4"><span class='ocrx_word' id='word_1_279' title='bbox 138 1902 227 1924; x_wconf 86' lang='lat' dir='ltr'><strong>were</strong></span> <span class='ocrx_word' id='word_1_280' title='bbox 243 1890 364 1928; x_wconf 89' lang='lat' dir='ltr'><strong>killed,</strong></span> <span class='ocrx_word' id='word_1_281' title='bbox 375 1889 446 1922; x_wconf 90' lang='lat' dir='ltr'><strong>and</strong></span> <span class='ocrx_word' id='word_1_282' title='bbox 462 1890 553 1922; x_wconf 86' lang='lat' dir='ltr'><strong>their</strong></span> <span class='ocrx_word' id='word_1_283' title='bbox 563 1889 650 1921; x_wconf 87' lang='lat' dir='ltr'><strong>eries</strong></span> <span class='ocrx_word' id='word_1_284' title='bbox 665 1898 704 1920; x_wconf 91' lang='lat' dir='ltr'><strong>so</strong></span> <span class='ocrx_word' id='word_1_285' title='bbox 716 1885 842 1920; x_wconf 90' lang='lat' dir='ltr'><strong>moved</strong></span> <span class='ocrx_word' id='word_1_286' title='bbox 857 1886 918 1919; x_wconf 85' lang='lat' dir='ltr'><strong>the</strong></span> <span class='ocrx_word' id='word_1_287' title='bbox 933 1887 1125 1927; x_wconf 78' lang='lat' dir='ltr'><strong>spectators</strong></span> <span class='ocrx_word' id='word_1_288' title='bbox 1139 1883 1217 1916; x_wconf 82' lang='lat' dir='ltr'><strong>that</strong></span> <span class='ocrx_word' id='word_1_289' title='bbox 1232 1883 1316 1925; x_wconf 83' lang='lat' dir='ltr'><strong>they</strong></span> 
     </span>
     <span class='ocr_line' id='line_1_36' title="bbox 139 1930 874 1972; baseline -0.008 -5"><span class='ocrx_word' id='word_1_290' title='bbox 139 1944 217 1967; x_wconf 88' lang='lat' dir='ltr'><strong>rose</strong></span> <span class='ocrx_word' id='word_1_291' title='bbox 231 1944 270 1966; x_wconf 88' lang='lat' dir='ltr'><strong>as</strong></span> <span class='ocrx_word' id='word_1_292' title='bbox 288 1944 355 1966; x_wconf 93' lang='lat' dir='ltr'><strong>one</strong></span> <span class='ocrx_word' id='word_1_293' title='bbox 373 1943 455 1965; x_wconf 89' lang='lat' dir='ltr'><strong>man</strong></span> <span class='ocrx_word' id='word_1_294' title='bbox 474 1931 545 1964; x_wconf 90' lang='lat' dir='ltr'><strong>and</strong></span> <span class='ocrx_word' id='word_1_295' title='bbox 562 1930 686 1964; x_wconf 87' lang='lat' dir='ltr'><strong>cursed</strong></span> <span class='ocrx_word' id='word_1_296' title='bbox 706 1930 874 1972; x_wconf 88' lang='lat' dir='ltr'><strong>Pompey.</strong></span> 
     </span>
    </p>
   </div>
   <div class='ocr_carea' id='block_1_5' title="bbox 137 1985 162 2023">
    <p class='ocr_par' dir='ltr' id='par_1_6' title="bbox 137 1985 162 2023">
     <span class='ocr_line' id='line_1_37' title="bbox 137 1985 162 2023; baseline 0 0"><span class='ocrx_word' id='word_1_297' title='bbox 137 1985 162 2023; x_wconf 89' lang='lat'>6</span> 
     </span>
    </p>
   </div>
   <div class='ocr_carea' id='block_1_6' title="bbox 1423 1589 1430 1879">
    <p class='ocr_par' dir='ltr' id='par_1_7' title="bbox 1423 1589 1430 1879">
     <span class='ocr_line' id='line_1_38' title="bbox 1423 1589 1430 1879; textangle 90"><span class='ocrx_word' id='word_1_298' title='bbox 1426 1875 1430 1879; x_wconf 94' lang='lat'>.</span> <span class='ocrx_word' id='word_1_299' title='bbox 1423 1711 1430 1866; x_wconf 64' lang='grc' dir='ltr'><em>.-.....ι,...-.-</em></span> <span class='ocrx_word' id='word_1_300' title='bbox 1426 1638 1430 1702; x_wconf 37' lang='lat' dir='ltr'><strong>spu„</strong></span> <span class='ocrx_word' id='word_1_301' title='bbox 1428 1608 1430 1626; x_wconf 70' lang='grc'>-</span> <span class='ocrx_word' id='word_1_302' title='bbox 1427 1589 1430 1597; x_wconf 75' lang='grc'><strong><em>,</em></strong></span> 
     </span>
    </p>
   </div>
  </div>
 </body>
</html>
