1448 2236
682 42 883 82 CICERO

189 160 296 193 eum,
315 159 438 198 quem
455 153 502 185 tu
522 160 564 185 es
582 147 722 185 solitus
738 147 984 198 promulside
1001 148 1211 187 conficere.
1264 149 1374 188 Inte-

188 214 303 252 gram
316 200 468 239 famem
482 201 535 239 ad
548 214 668 240 ovum
682 200 818 240 affero.
871 201 1019 253 Itaque
1032 215 1162 254 usque
1175 202 1228 241 ad
1242 215 1376 242 assum

189 255 402 293 vitulinum
423 268 548 306 opera
567 254 814 306 perducitur.
869 255 945 293 Illa
964 269 1071 302 mea,
1093 269 1200 308 quae
1220 256 1376 296 solebas

189 315 313 347 antea
327 309 506 354 laudare,
522 308 544 322 ‘¹
563 322 588 347 o
602 308 807 347 hominem
822 308 982 348 facilem
1000 309 1009 348 !
1039 323 1064 348 o
1078 309 1280 361 hospitem
1294 325 1375 350 non

188 363 382 414 gravem!
401 361 424 376 ”
451 364 652 401 abierunt.
705 362 822 401 Nunc
847 375 1010 402 omnem
1033 369 1214 402 nostram
1237 364 1291 403 de
1314 377 1377 403 re·
1430 403 1431 406 ,

188 417 351 468 publica
379 430 530 462 curam,
559 419 849 468 cogitationem
879 418 931 456 de
961 417 1134 456 dicenda
1161 420 1204 456 in
1232 424 1378 457 senatu
1430 427 1432 429 ·

189 473 409 516 sententia,
425 472 811 510 commentationem
827 484 1038 509 causarum
1055 472 1286 511 abiecimus.
1330 472 1378 510 In

191 524 355 575 Epicuri
374 538 446 563 nos
468 525 682 562 adversarii
703 527 829 563 nostri
849 530 982 563 castra
999 527 1241 564 coniecimus
1259 538 1270 571 ;
1303 539 1379 564 nec

190 584 332 616 tamen
351 579 404 617 ad
423 578 526 616 hanc
546 578 816 624 insolentiam,
835 578 908 617 sed
928 578 982 617 ad
999 579 1108 616 illam
1128 584 1243 617 tuam
1261 579 1379 618 lauti—

191 635 305 678 tiam,
325 638 508 670 veterem
528 632 631 677 dico,
651 645 744 670 cum
763 635 805 670 in
825 638 1033 683 sumptum
1052 632 1245 672 habebas.
1290 633 1379 671 Etsi

152 691 173 723 2
191 699 413 737 numquam
433 686 549 737 plura
566 686 735 737 praedia
755 686 944 724 habuisti.
997 686 1170 726 Proinde
1189 692 1234 726 te
1252 700 1353 738 para
1369 699 1380 732 3

191 753 283 778 cum
304 740 466 778 homine
489 746 531 778 et
553 740 668 778 edaci
687 740 764 778 tibi
784 753 848 778 res
871 746 947 786 est,
970 745 1014 779 et
1035 743 1103 792 qui
1123 743 1206 779 iam
1227 741 1379 792 aliquid

190 794 432 845 intellegat3
470 792 669 844 ὀψιμαθεῖς
697 799 836 832 autem
863 793 1045 832 homines
1072 796 1147 832 scis
1170 807 1293 845 quam
1319 796 1379 833 in-
1428 810 1429 814 ¹

194 847 370 886 solentes
400 850 493 885 sint.
547 847 831 886 Dediscendae
860 848 935 886 tibi
965 853 1061 886 sunt
1090 848 1308 899 sportellae
1338 853 1382 887 et

194 901 418 952 artolagani
443 903 517 938 tui.
572 901 654 939 Nos
679 903 760 938 iam
787 902 883 939 artis
909 906 1072 939 tantum
1098 901 1308 947 habemus,
1332 907 1380 940 ut

193 955 379 994 Verrium
397 961 515 993 tuum
537 960 580 993 et
601 954 814 992 Camillum
834 955 932 1005 (qua
954 955 1154 994 munditia
1175 955 1379 994 homines!

195 1022 277 1060 qua
297 1009 503 1060 elegantia
520 1008 547 1059 !)
567 1022 710 1047 vocare
725 1011 885 1059 saepius
905 1009 1138 1047 audeamus.
1190 1009 1272 1048 Sed
1290 1009 1382 1048 vide

195 1063 431 1108 audaciam;
473 1064 598 1100 etiam
636 1062 768 1101 Hirtio
795 1075 939 1100 cenam
971 1063 1080 1108 dedi,
1108 1065 1195 1101 sine
1225 1075 1383 1114 pavone

194 1123 361 1163 tamem
390 1119 431 1154 in
455 1129 505 1154 ea
525 1129 628 1154 cena
649 1129 800 1168 coquus
814 1129 937 1155 meus
958 1122 1123 1167 praeter
1143 1118 1204 1155 ius
1222 1116 1382 1155 fervens

155 1176 176 1209 3
196 1170 294 1209 nihil
316 1183 397 1208 non
414 1172 550 1221 potuit
575 1172 737 1208 imitari.
790 1169 905 1208 Haec
932 1172 1056 1221 igitur
1081 1175 1144 1209 est
1168 1184 1275 1208 nunc
1298 1173 1383 1208 vita

195 1230 346 1263 nostra.
395 1224 522 1262 Mane
536 1223 757 1262 salutamus
772 1224 881 1262 domi
901 1229 944 1262 et
963 1225 1087 1263 bonos
1101 1226 1205 1263 viros
1219 1224 1382 1270 multos,

195 1278 268 1317 sed
283 1280 434 1324 tristes,
447 1283 491 1316 et
505 1277 576 1316 hos
588 1277 718 1316 laetos
733 1280 906 1316 victores
919 1290 930 1323 ;
953 1281 1023 1329 qui
1034 1291 1101 1316 me
1116 1278 1280 1329 quidem
1294 1291 1384 1329 per·
1414 1329 1419 1333 ι

248 1410 263 1425 ⁰
286 1405 362 1438 The
374 1404 451 1438 first
463 1415 586 1438 course
597 1418 606 1443 ς
622 1405 730 1444 mala,
741 1404 762 1418 ‘⁸
773 1404 934 1447 apples‚”
948 1404 1056 1448 being
1068 1405 1128 1438 the
1135 1404 1216 1439 last.
1262 1405 1384 1439 Hence

201 1449 261 1481 the
289 1448 419 1490 phrase
447 1448 489 1481 ab
511 1459 574 1481 ovo
595 1458 704 1491 aeque
724 1448 772 1481 ad
793 1447 956 1481 mala=“
970 1448 1031 1481 the
1053 1448 1180 1482 dinner
1205 1448 1299 1482 from
1324 1449 1384 1482 be-

199 1493 353 1534 ginning
374 1494 411 1524 to
433 1491 540 1524 end.”
590 1491 703 1524 Roast
722 1491 801 1524 veal
822 1501 863 1524 or
883 1490 967 1524 fowl
988 1501 1101 1524 seems
1122 1494 1161 1524 to
1182 1491 1274 1525 have
1294 1491 1383 1525 been

199 1535 260 1569 the
275 1533 344 1567 last
358 1544 483 1567 course
498 1533 619 1567 before
633 1535 740 1573 mala,
758 1534 779 1547 ‘⁶
793 1533 964 1567 dessert.”

249 1577 263 1597 θ
287 1577 448 1610 Paetus’s
463 1577 606 1610 debtors
620 1577 692 1610 had
707 1577 851 1610 handed
865 1577 956 1610 their
970 1576 1073 1615 lands
1095 1587 1178 1610 over
1196 1579 1234 1610 to
1253 1577 1327 1610 him
1346 1580 1385 1610 at

200 1620 261 1653 the
283 1619 437 1653 reduced
455 1620 638 1652 valuation
657 1619 731 1661 (see
754 1623 837 1653 note
860 1631 907 1653 on
923 1619 993 1662 Ep.
1017 1622 1068 1654 16.
1085 1620 1134 1661 7),
1152 1620 1224 1653 and
1246 1619 1291 1653 he
1311 1631 1383 1653 was

200 1663 333 1696 unable
346 1666 384 1696 to
399 1662 541 1705 dispose
556 1662 596 1695 of
608 1663 718 1695 them.

254 1711 267 1728 ⁰
288 1706 404 1739 Those
426 1706 506 1739 who
528 1704 614 1738 take
637 1708 674 1738 to
696 1716 770 1747 any
791 1704 899 1747 study
925 1716 965 1738 or
994 1706 1133 1748 pursuit
1162 1704 1233 1739 late
1262 1706 1298 1738 in
1324 1705 1384 1739 life

204 1749 321 1791 (“seri
344 1748 580 1787 studiorum,’‘
602 1748 691 1781 Hor.
713 1748 791 1782 Sat.
812 1750 834 1781 i.
858 1750 910 1781 10.
931 1749 992 1790 22)
1014 1759 1075 1781 are
1094 1759 1118 1781 a
1144 1751 1158 1781 t
1177 1751 1215 1781 to
1234 1747 1342 1782 make
1361 1760 1384 1782 a

206 1795 308 1834 great
319 1791 389 1825 ado
401 1803 484 1825 over
496 1793 543 1830 it;
565 1790 637 1824 and
649 1801 689 1824 so
701 1790 835 1830 Cicero,
848 1790 981 1847 having
988 1790 1063 1833 just
1077 1794 1115 1824 ta
1143 1801 1188 1824 en
1199 1793 1236 1824 to
1247 1794 1384 1834 gastro-

206 1833 981 1919 ¹²⁰1¹¹1⁵v¹iefflssssee‘luss‘seo‘igssfflissffissffit'
993 1833 1244 1910 fffflsseffii?
1254 1834 1383 1911 ἒῗὲἰὶῑε

202 1919 320 1954 Book.

212 1975 285 2010 258
