1448 2236
697 59 899 99 CICERO

204 164 242 200 ei
272 168 432 201 mortuo
463 169 595 214 paret,
626 177 748 215 quem
780 166 914 203 vivum
945 164 1052 204 ferre
1082 179 1164 203 non
1194 165 1390 216 poterat?

203 219 313 254 cuius
327 229 422 254 aera
433 217 603 269 refigere
616 218 879 264 debebamus,
893 220 978 257 eius
990 221 1115 257 etiam
1126 218 1391 271 chirographa

204 268 488 308 defendimus?
542 270 632 309 “At
650 275 757 309 enim
781 275 841 310 ita
865 271 1154 311 decrevimus.”
1208 272 1390 310 Fecimus

204 323 246 361 id
283 325 462 374 quidem,
501 326 749 375 temporibus
787 326 994 371 cedentes,
1033 339 1138 377 quae
1176 326 1313 364 valent
1348 328 1390 363 in

204 377 409 427 republica
445 378 688 428 plurimum3
738 380 811 418 sed
845 380 1112 418 immoderate
1147 380 1312 430 quidam
1347 385 1391 417 et

205 433 363 482 ingrate
404 438 540 470 nostra
578 431 773 471 facilitate
814 434 1049 471 abutuntur.
1101 433 1252 471 Verum
1290 433 1391 471 haec

204 485 440 535 propediem
475 491 518 524 et
551 486 680 524 multa
714 486 792 524 alia
824 500 972 524 coram.
1026 486 1194 524 Interim
1227 489 1283 525 sic
1315 486 1390 524 tibi

205 539 462 587 persuadeas,
502 540 600 577 mihi
640 553 731 578 cum
771 540 1029 590 reipublicae,
1069 553 1192 591 quam
1231 552 1391 589 semper

206 591 328 630 habui
349 596 606 638 carissimam,
622 599 710 632 tum
731 597 876 632 amoris
897 596 1021 632 nostri
1041 607 1175 639 causa,
1189 595 1390 631 maximae

204 658 324 684 curae
345 660 432 684 esse
452 653 566 685 tuam
586 648 842 699 dignitatem.
896 647 961 686 Da
980 661 1158 698 operam,
1178 653 1225 685 ut
1243 646 1390 684 valeas.

777 864 818 902 II

506 971 553 998 M.
578 971 617 1000 Τ.
644 972 678 998 C.
705 972 737 997 S.
765 972 802 997 P.
829 971 869 997 D.
896 971 931 997 C.
957 970 1086 997 CASSIO

616 1054 763 1093 Romae,
781 1065 887 1088 ΛΑΜ).
905 1056 982 1087 710.

166 1144 183 1177 1
253 1139 529 1178 Vehementer
566 1140 708 1185 laetor,
748 1141 823 1178 tibi
861 1140 1021 1191 probari
1060 1140 1306 1178 sententiam
1344 1141 1388 1175 et

203 1196 426 1232 orationem
455 1206 618 1239 meam3
661 1207 742 1245 qua
770 1196 803 1232 si
831 1196 991 1244 saepius
1020 1195 1081 1231 uti
1109 1192 1262 1237 liceret,
1290 1190 1389 1228 nihil

203 1253 311 1285 esset
338 1250 477 1299 negoti
504 1247 737 1286 libertatem
766 1253 810 1285 et
835 1246 1125 1297 rempublicam
1151 1248 1388 1296 reciperare.

202 1300 282 1339 Sed
298 1301 418 1339 homo
434 1315 572 1339 amens
589 1307 632 1339 et
646 1301 828 1351 perditus
843 1301 1053 1351 multoque
1069 1302 1250 1350 nequior,
1265 1311 1388 1349 quam

201 1354 267 1392 ille
289 1357 388 1404 ipse,
411 1368 533 1405 quem
555 1361 602 1393 tu
623 1357 912 1406 nequissimum
933 1356 1106 1392 occisum
1128 1365 1216 1391 esse
1237 1352 1387 1396 dixisti,

201 1409 334 1446 caedis
355 1411 515 1446 initium
537 1411 697 1459 quaerit
714 1421 724 1453 3
759 1408 991 1458 nullamque
1013 1406 1132 1445 aliam
1153 1406 1206 1444 ob
1225 1418 1387 1443 causam

200 1475 267 1499 me
287 1468 494 1500 auctorem
513 1461 635 1500 fuisse
656 1462 837 1499 Caesaris
856 1460 1122 1499 interficiendi
1141 1461 1386 1503 criminatur,

201 1517 276 1552 nisi
294 1520 342 1553 ut
358 1517 401 1552 in
419 1528 486 1553 me
505 1518 687 1553 veterani
709 1517 941 1553 incitentur.
993 1513 1114 1561 Quod
1132 1525 1208 1564 ego
1232 1514 1387 1562 pericu-

199 1568 284 1606 lum
311 1582 391 1606 non
420 1571 653 1613 extimesco,
677 1569 797 1607 modo
825 1570 948 1606 vestri
975 1566 1073 1606 facti
1100 1566 1267 1618 gloriam
1294 1578 1385 1603 cum

199 1635 292 1660 mea
311 1622 432 1660 laude
454 1625 736 1660 communicet.
790 1622 856 1660 Ita
877 1635 952 1660 nec
973 1620 1119 1666 Pisoni,
1141 1622 1207 1670 qui
1229 1621 1271 1656 in
1292 1631 1384 1656 eum

249 1738 265 1753 ⁶
287 1733 372 1766 This
399 1733 532 1772 decree,
559 1734 786 1775 recognizing
812 1732 884 1765 and
911 1733 1134 1774 sanctioning
1159 1731 1220 1764 the
1245 1733 1322 1763 acta
1347 1728 1387 1762 of

203 1776 344 1816 Caesar,
369 1787 440 1810 was
463 1776 590 1819 passed
615 1787 661 1809 on
688 1776 813 1809 March
841 1776 922 1808 17th
945 1778 983 1808 at
1004 1775 1065 1808 the
1088 1775 1243 1815 meeting
1265 1772 1305 1805 of
1324 1772 1384 1805 the

203 1819 333 1852 Senate
349 1820 386 1852 in
403 1820 463 1852 the
479 1819 625 1862 Temple
643 1819 683 1852 of
697 1819 825 1857 Tellus,
844 1818 915 1851 and
934 1817 1109 1860 probably
1125 1815 1317 1851 confirmed
1333 1815 1382 1857 by

202 1863 262 1896 the
275 1862 400 1905 people
416 1862 513 1905 early
530 1864 565 1895 in
584 1862 695 1905 April.

248 1907 261 1927 ⁶
285 1906 361 1939 The
377 1905 469 1939 First
486 1906 670 1948 Philippic.

247 1954 260 1969 ⁶
284 1949 441 1990 Antony.
889 1947 906 1967 ⁰
928 1946 1068 1980 Caesar.

199 2004 277 2038 520
